@article{Adamo80,
	author = {J.M. Adamo},
	title = {Fuzzy Decision Trees},
	journal = {Fuzzy Sets and Systems},
	year = 1980,
	volume = 4,
	pages = {207-219},
}

@inproceedings{Amarger91,
	author = {St{\'e}phane Amarger and Didier Dubois and Henri Prade},
	title = {Constraint Propagation with Imprecise Conditional Probabilities},
	booktitle = {Uncertainty in Artificial Intelligence},
	year = 1991,
	pages = {26-34},
}

@inproceedings{Angelov93,
	author = {Plamen P. Angelov},
	title = {A parameterized generalization of fuzzy mathematical
programming problems},
	booktitle = {5th IFSA},
	year = 1993,
	pages = {612-615},
}

@article{Angelov94,
	author = {Plamen Angelov},
	title = {A Generalized Approach to Fuzzy Optimization},
	journal = {Int. Journal of Intelligent Systems},
	year = 1994,
	volume = {To appear},
}

@inproceedings{Aoyagi88,
	author = {K. Aoyagi and K. Tanemura and H. Matsumoto and Y.
Eki and S. Nigawara},
	title = {An expert system for startup scheduling and operation
support in fossil power plants},
	booktitle = {Proceedings of
   the International Workshop on Artificial Intelligence for Industrial
   Applications: IEEE AI '88},
	publisher = {IEEE},
	address = {Hitachi City, Japan},
	month = may,
	year = {1988},
	pages = {167-172},
}

@article{Azmi93,
	author = {Z.A. Azmi},
	title = {New Fuzzy Approaches by Using Statistical and
Mathematical Methodologies in Operations Research},
	journal = {The Journal of Fuzzy Mathematics},
	year = 1993,
	volume = 1,
	number = 1,
	pages = {69-87},
}

@incollection{Bel86,
	author = {G{\'e}rard Bel and Didier Dubois and Henri Farreny
and Henri Prade},
	title = {Towards the use of fuzzy rule-based systems in the
monitoring of manufacturing systems},
	booktitle = {Software for Discrete Manufacturing (IFIP)},
	editor = {J.P. Crestin and J.F. McWaters},
	publisher = {Elsevier Science Publishers},
	year = {1986},
	pages = {525-535},
}

@incollection{Bel89,
	author = {G. Bel and E. Bensana and D. Dubois and J. Erschler
		and P. Esquirol},
	title = {A Knowledge-Based Approach to Industrial Job-Shop
		Scheduling},
	booktitle = {Knowledge-Based Systems in Manufacturing},
	editor = {Andrew Kusiak},
	publisher = {Taylor \& Francis},
	year = {1989},
	chapter = 10,
	pages = {207-246},
}

@inproceedings{Bel89a,
	author = {G. Bel and E. Bensana and D. Dubois and J.L. Koning},
	title = {Handling Fuzzy Priority Rules in a Job-shop Scheduling System},
	booktitle = {3rd IFSA},
	address = {Seattle, Washington, USA},
	year = 1989,
	month = aug,
}

@inproceedings{Bel92,
	address = {Marseille, France},  
	author = {{Projet CSPFlex.} and G{\'e}rard Bel and Eric Bensana
and Pierre Berlandier and Philippe David and H{\'e}l{\`e}ne Fargier
and Christine Gaspin and Khaled Ghedira and Philippe Janssen and
Philippe J{\'e}gou and Tibor K{\"o}keny and J{\'e}r{\^o}me Lang and
David Lesaint and Roger Martin-Clouaire and Bertrand Neveu and
Jean-Pierre Rellier and Thomas Schiex and Brigitte Trousse and
G{\'e}rard Verfaillie and Marie-Catherine Vilarem}, 
	booktitle = {Actes des journ{\'e}es nationales du PRC GDR
Intelligence Artificielle},  
	month = oct,  
	title = {Repr{\'e}sentation et traitement pratique de la
flexibilit{\'e} dans les probl{\`e}mes sous contraintes},
	year = 1992,
	note = {In French},
}

@inproceedings{Bel92a,
	author = {G. Bel and E. Bensana and J.L. Koning},
	title = {Gestion de points de vue antagonistes {\`a} l'aide de
r{\`e}gles de d{\'e}cisions floues: application {\`a} l'ordonnancement
d'atelier}, 
	booktitle = {Les applications des ensembles flous},
	address = {N\^{\i}mes, France},
	year = 1992,
	month = nov,
	note = {In French},
}

@article{Bellman70,
	author = {R. E. Bellman and L. A. Zadeh},
	title = {Decision-Making in a Fuzzy Environment},
	journal = {Management Science},
	year = 1970,
	volume = {17-B},
	number = 4,
	pages = {141-164},
	month = dec,
}

@inproceedings{Bensana86,
	author = {E. Bensana and M. Carrege and G. Bel and D. Dubois},
	title = {An expert system approach to industrial job shop
		scheduling},
	booktitle = {Proceedings of the IEEE Conference on Robotics
and Automation},
	year = 1986,
	month = apr,
	pages = {1645-1650},
	address = {San Francisco, CA},
}

@article{Bensana88,
	author = {E. Bensana and G. Bel and D. Dubois},
	title = {OPAL, a multi knowledge-based system for industrial
job-shop scheduling}, 
	journal = {International Journal of Production Research},
	year = 1988,
	volume = 26,
	number = 5,
	pages = {795-815},
}

@incollection{Bensana88a,
	author = {E. Bensana and G. Bel and D. Dubois},
	title = {A knowledge based approach to industrial job shop
		scheduling},
	booktitle = {Computer Integrated Manufacturing, Current Status
and Changes},
	editor = {I. B. T{\"u}rksen},
	publisher = {Springer Verlag},
	year = {1988},
	pages = {295-330},
}

@inproceedings{Bensana92,
	author = {Eric Bensana},
	title = {Advanced job shop scheduling in aeronautical manufacturing},
	booktitle  = {Scheduling of Production Processes (ECAI'92
Workshop)},
	publisher = {ECCAI},
	year = 1992,
	month = aug,
	pages = {61-70},
}

@incollection{Berry92a,
	author = {Pauline M. Berry},
	title = {Scheduling and Uncertainty Reasoning}, 
	booktitle  = {Scheduling of Production Processes (ECAI'92
Workshop)},
	publisher = {ECCAI},
	year = 1992,
	month = aug,
	pages = {16-25},
}

@inproceedings{Berry92b,
	author = {Pauline M. Berry},
	title = {Scheduling: A Problem of Decision-Making Under
		Uncertainty}, 
	booktitle  = {Proceedings of the European Conference on
		Artificial Intelligence (ECAI-92)},
	editor = {Bernd Neumann},
	year = 1992,
	month = aug,
	pages = {638-642},
}

@article{Berry92c,
	author = {Pauline M. Berry},
	title = {The {PCP}: A Predictive Model for Satisfying
Conflicting Objectives in Scheduling Problems},
	journal = {AI in Engineering},
	year = 1992,
	volume = 7,
	pages = {227-242},
}

@article{Bhattacharya92,
	author = {V. Bhattacharya and J.R. Rao and R.N. Tiwari},
	year = 1992,
	title = {Fuzzy Multi-Criteria Facility Location Problem},
	journal = {Fuzzy Sets and Systems},
	volume = 51,
	pages = {277-287},
}

@article{Bhattacharya93,
	author = {V. Bhattacharya and J.R. Rao and R.N. Tiwari},
	year = 1993,
	title = {Bi-criteria multi facility location problem in fuzzy environment},
	journal = {Fuzzy Sets and Systems},
	volume = 56,
	pages = {145-153},
}

@article{Bing93a,
	author = {C. Bing-Yuan},
	year = 1993,
	title = {Fuzzy Geometric Programming (I)},
	journal = {Fuzzy Sets and Systems},
	volume = 53,
	pages = {135-153},
}

@article{Bing93b,
	author = {C. Bing-Yuan},
	year = 1993,
	title = {Extended Fuzzy Geometric Programming},
	journal = {The Journal of Fuzzy Mathematics},
	volume = 1,
	number = 2,
	pages = {285-293},
}

@article{Biswal92,
	author = {M.P. Biswal},
	year = 1992,
	title = {Fuzzy Programming Technique to Solve Multi-Objective Geometric Programming problems},
	journal = {Fuzzy Sets and Systems},
	volume = 51,
	pages = {67-71},
}

@article{Bit92,
	author = {A.K. Bit and M.P. Biswal and S.S. Alam},
	year = 1992,
	title = {Fuzzy Programming Approach to Multicriteria Decision Making Transportation Problem},
	journal = {Fuzzy Sets and Systems},
	volume = 50,
	pages = {135-141},
}

@article{Bit93a,
	author = {A.K. Bit and M.P. Biswal and S.S. Alam},
	year = 1993,
	title = {Fuzzy Programming Approach to Multiobjective Solid Transportation Problem},
	journal = {Fuzzy Sets and Systems},
	volume = 57,
	pages = {183-194},
}

@article{Bit93b,
	author = {A.K. Bit and M.P. Biswal and S.S. Alam},
	year = 1993,
	title = {Fuzzy Programming Technique for Multiobjective Capacitated Transportation Problem},
	journal = {The Journal of Fuzzy Mathematics},
	volume = 1,
	number = 2,
	pages = {367-376},
}

@article{Bitran80,
	author = {G.R. Bitran},
	year = 1980,
	title = {Linear Multiple Objective Problems with Interval Coefficients},
	journal = {Management Science},
	volume = 26,
	number = 7,
	pages = {694-706},
}

@book{Bocklisch87,
	title = {{Proze{\ss}analyse mit unscharfen Verfahren}},
	publisher = {Verlag Technik},
	year = {1987},
	editor = {S.F. Bocklisch},
	address = {Berlin},
	note = {In German. Contains a chapter by Hans-Peter Lipp on Fuzzy Petri Nets},
}

@article{Buckley83,
	author = {J.J. Buckley},
	year = 1983,
	title = {Fuzzy Programming and the Pareto Optimal Set},
	journal = {Fuzzy Sets and Systems},
	volume = 10,
	pages = {57-63},
}

@article{Buckley88b,
	author = {J.J. Buckley},
	year = 1988,
	title = {Possibilistic Linear Programming with Triangular Fuzzy Numbers},
	journal = {Fuzzy Sets and Systems},
	volume = 26,
	pages = {135-138},
}

@article{Buckley89,
	author = {J.J. Buckley},
	year = 1989,
	title = {Solving Possibilistic Linear Programming Problems},
	journal = {Fuzzy Sets and Systems},
	volume = 31,
	pages = {329-341},
}

@article{Buckley90,
	author = {J.J. Buckley},
	year = 1990,
	title = {Stochastic versus Possibilistic Programming},
	journal = {Fuzzy Sets and Systems},
	volume = 34,
	pages = {173-177},
}

@article{Campos89a,
	author = {L. Campos},
	year = 1989,
	title = {Fuzzy Linear Programming Models to Solve Fuzzy Matrix Games},
	journal = {Fuzzy Sets and Systems},
	volume = 32,
	pages = {271-289},
}

@article{Campos89b,
	author = {L. Campos and J.L. Verdegay},
	year = 1989,
	title = {Linear Programming Problems and Ranking of Fuzzy Numbers},
	journal = {Fuzzy Sets and Systems},
	volume = 32,
	pages = {1-11},
}

@article{Campos92,
	author = {L. Campos and A. Gonzalez and M.A. Vila},
	year = 1992,
	title = {On the use of the Ranking Function approach to solve Fuzzy Matrix Games in a direct way},
	journal = {Fuzzy Sets and Systems},
	volume = 49,
	pages = {1-11},
}

@inproceedings{Cao91,
	author = {T. Cao and A.C. Sanderson},
	title = {Task sequence planning using fuzzy {P}etri nets},
	booktitle = {Conference Proceedings 1991 IEEE International
Conference on Systems, Man, and Cybernetics. Decision Aiding for Complex
Systems},
	year = {1991},
	organization = {IEEE},
	volume = {1},
	pages = {349--354},
}

@inproceedings{Cao92,
	author = {T. Cao and A.C. Sanderson},
	title = {Sensor-based error recovery for robotic task sequences using
fuzzy {P}etri nets},
	booktitle = {Proceedings. 1992 IEEE International Conference on
Robotics And Automation},
	year = {1992},
	publisher = {IEEE Computer Society Press},
	volume = {2},
	pages = {1063--1069},
	address = {Los Alamitos, CA, USA},
}

@inproceedings{Cardoso89,
	author = {J. Cardoso and Robert Valette and Didier Dubois},
	title = {Petri nets with uncertain markings},
	booktitle = {Advances in Petri Nets (10th Int. Conf. on
Applications and Theory of Petri Nets, Bonn, West Germany, 28-30 June
1989)},
	year = 1990,
	publisher = {Springer-Verlag},
	volume = 483,
	pages = {64-78},
	address = {Berlin, Heidelberg, New York},
	editor = {G. Rozenberg},
	series = {Lecture Notes in Computer Science},
	note = {URL: ftp://laas.laas.fr/pub/robert/petri89.tex},
}

@incollection{Carlsson82,
	author = {C. Carlsson},
	year = 1982,
	title = {Fuzzy Multiobjective Programming with Composite Compromises},
	booktitle = {Multiobjective and Stochastic Optimization},
	editor = {M. Grauer and A. Lewandowski and A.P. Wierzbicki},
	publisher = {IIASA},
	type = {CP-82-S12},
	address = {Laxemburg, Austria},
}

@article{Carlsson86,
	author = {Christer Carlsson and Pekka Korhonen},
	year = 1986,
	title = {A Parametric Approach to Fuzzy Linear Programming},
	journal = {Fuzzy Sets and Systems},
	volume = 20,
	pages = {17-30},
}

@article{Chakraborty93,
	author = {D. Chakraborty and J.R. Rao and R.N. Tiwari},
	year = 1993,
	title = {Multiobjective Imprecise-Chance Constrained Programming Problem},
	journal = {The Journal of Fuzzy Mathematics},
	volume = 1,
	number = 2,
	pages = {377-387},
}

@article{Chanas81,
	author = {S. Chanas and J. Kamburowski},
	year = 1981,
	title = {The Use of Fuzzy Variables in {PERT}},
	journal = {Fuzzy Sets and Systems},
	volume = 5,
	number = 11,
	pages = {11-19},
}

@article{Chanas83,
	author = {S. Chanas},
	year = 1983,
	title = {Parametric Programming in Fuzzy Linear Programming},
	journal = {Fuzzy Sets and Systems},
	volume = 11,
	pages = {243-251},
}

@article{Chanas84,
	author = {S. Chanas and W. Kolodziejczyk and A. Machaj},
	year = 1984,
	title = {A Fuzzy Approach to the Transportation Problem},
	journal = {Fuzzy Sets and Systems},
	volume = 13,
	pages = {211-222},
}

@article{Chanas89a,
	author = {S. Chanas},
	year = 1989,
	title = {Fuzzy Programming in Multiobjective Linear Programming -- A Parametric Approach},
	journal = {Fuzzy Sets and Systems},
	volume = 29,
	pages = {303-313},
}

@incollection{Chanas89b,
	author = {S. Chanas},
	year = 1989,
	title = {Parametric Techniques in Fuzzy Linear Programming Problems},
	pages = {105-116},
	booktitle = {The Interface between Artificial Intelligence and
Operations Research in Fuzzy Environment},
	editor = {J.L. Verdegay and M. Delgado},
	publisher = {T{\"U}V Rheinland},
	series = {ISR Series no. 95},
}

@article{Chanas93a,
	author = {S. Chanas and M. Delgado and J.L. Verdegay and M.A. Vila},
	year = 1993,
	title = {Interval and Fuzzy Extensions of Classical Transportation Problems},
	journal = {Transportation Planning and Technology},
	volume = 17,
	number = 2, 
	pages = {203-218},
	note = {Special Issue: Application of Fuzzy Set Theory to Transportation},
}

@inproceedings{Chezalviel92a,
	author = {Brigitte Pradin-Chezalviel and Robert Valette},
	title = {Petri nets as a candidate for a semantical interpretation of
linear logic},
	booktitle = {GWAI'92 (16. Fachtagung f{\"u}r K{\"u}nstliche
Intelligenz), Workshop Logic and Change, Bonn, Germany, Sept. 1-2 1992},
	year = 1992,
	note = {URL: ftp://laas.laas.fr/pub/robert/logichange.ps},
}

@techreport{Chezalviel92b,
	title = {Reasoning about resources by combining {P}etri nets and Linear
Logic},
	author = {Brigitte Pradin-Chezalviel and Robert Valette},
	institution = {LAAS},
	year = 1992,
	type = {Technical Note LAAS},
	number = 92444,
	month = dec,
	note = {URL: ftp://laas.laas.fr/pub/robert/chicago.ps},
}

@inproceedings{Chiang90,
	author = {W. Y. Chiang and M. S. Fox},
	title = {Protection against uncertainty in a
deterministic schedule},
	booktitle = {Proceedings 4th International Conference on Expert
Systems and the Leading Edge in Production and Operations Management},
	year = 1990,
	pages = {184-197},
	address = {Hilton Head Island},
}

@incollection{Chen87,
	author = {Dahai Chen and Yuhuan Pan and Jinsong Xue},
	title = {A Fuzzy Production System with Backtracking Control
		Strategy for Multiobjective Scheduling to a
		One-Machine-N-Parts Problem}, 
	booktitle = {Modern Production Management Systems},
	editor = {Andrew Kusiak},
	publisher = {Elsevier},
	year = 1987,
	pages = {135-145}, 
}

@inproceedings{Choobineh92,
	author = {F. Choobineh and M. Shivani},
	title = {A Dynamic Process Planning and Scheduling Algorithm}, 
	booktitle  = {Proceedings of the JAPAN/USA Symposium on
		Flexible Automation (A Pacific Rim
		Conference)}, 
	editor = {Ming Leu},
	volume = 1,
	address = {San Francisco, California},
	month = jul, 
	year = 1992,
	pages = {429-432},
	note = {Fuzzy sets are used to model the subjectivity of
process planners and vagueness of data.},
}

@inproceedings{Custodio91,
	author = {L. Cust\`{o}dio and C. Bispo and J. Sentieiro},
	title = {Fuzzy Logic Applied to Production Scheduling},
	booktitle = {Proceedings of the CIM-Europe Workshop {\em CIM
in the Process Industry}},
	address = {Athens, Greece},
	month = jun,
	year = 1991,
}

@inproceedings{Custodio93,
	author = {Luis Marques Cust\`{o}dio and Carlos Pinto-Ferreira},
	title = {Production Planning and Scheduling Using Fuzzy Logic},
	booktitle = {Workshop Notes of the Workshop on Fuzzy Scheduling Systems},
	editor = {Roger Kerr}, 
	address = {Linz, Austria},
	publisher = {University of Linz, Department of Mathematics},
	month = jun,
	year = 1993,
}

@incollection{Czyzak89,
	author = {Piotr Czy{\'z}ak and Roman S{\l}owi{\'n}ski},
	title = {Multiobjective Diet Optimization Problem under Fuzziness},
	booktitle = {The Interface between Artificial Intelligence and
Operations Research in Fuzzy Environment},
	editor = {J.L. Verdegay and M. Delgado},
	publisher = {T{\"U}V Rheinland},
	series = {ISR Series no. 95},
	year = 1989,
	pages = {85-103},
}

@techreport{Czyzak91,
	author = {P. Czy{\'z}ak and R. S{\l}owi{\'n}ski},
	title = {{FLIP} -- multiobjective linear programming package},
	institution = {IIASA, Laxenburg},
	year = 1991,
	type = {Collaborative Paper},
	number = {CD-91-008},
}

@article{Czyzak91a,
	author = {Piotr Czy{\'z}ak and Roman S{\l}owi{\'n}ski},
	title = {A fuzzy {MOLP} method with graphical display of fuzziness},
	journal = {Annales Univ. Sci. Budapest, Sect. Comp.},
	volume = 12,
	year = 1991,
	pages = {59-67},
}

@incollection{Czyzak93,
	author = {Piotr Czy{\'z}ak and Roman S{\l}owi{\'n}ski},
	title = {A visual interactive method for {MOLP} problems with
fuzzy coefficients},
	booktitle = {Fuzzy Logic},
	year = 1993,
	editor = {R. Lowen and M. Roubens},
	publisher = {Kluwer Academic Publishers},
	pages = {321-332},
}

@article{Delgado83,
	author = {M. Delgado},
	year = 1983,
	title = {A Resolution Method for Multiobjective Problems},
	journal = {European Journal of Operational Research},
	volume = 13,
	pages = {165-172},
}

@incollection{Delgado85a,
	author = {M. Delgado and J.L. Verdegay and M.A. Vila},
	year = 1985,
	title = {Solving the Biobjective Linear Programming Problem: A Fuzzy Approach},
	booktitle = {Approximate Reasoning in Expert Systems },
	editor = {M.M. Gupta et al.},
	publisher = {North-Holland},
	pages = {317-322},
}

@article{Delgado87c,
	author = {M. Delgado and J.L. Verdegay and M.A. Vila},
	year = 1987,
	title = {Imprecise Costs in Mathematical Programming Problems},
	journal = {Control and Cybernetics},
	volume = 16,
	number = 2,
	pages = {113-121},
}

@incollection{Delgado87b,
	author = {M. Delgado and J.L. Verdegay and M.A. Vila},
	year = 1987,
	title = {Fuzzy Transportation Problems: A General Analysis},
	editor = {J. Kacprzyk and S.A. Orlovski},
	booktitle = {Optimization Models using Fuzzy Sets and Possibility Theory},
	publisher = {D. Reidel Publishing Co.},
	pages = {342-258},
}

@inproceedings{Delgado87d,
	author = {M. Delgado and J.L. Verdegay and M.A. Vila},
	year = 1987,
	title = {On Fuzzy Linear Programming Models},
	booktitle = {Preprints of II IFSA Congress},
	address = {Tokyo},
	pages = {715-718},
}

@article{Delgado89a,
	author = {M. Delgado and J.L. Verdegay and M.A. Vila},
	year = 1989,
	title = {A General Model for Fuzzy Linear Programming},
	journal = {Fuzzy Sets and Systems},
	volume = 29,
	pages = {21-29},
}

@article{Delgado90a,
	author = {M. Delgado and J.L. Verdegay and M.A. Vila},
	year = 1990,
	title = {Relating Different Approaches to Solve Linear Programming Problems with Imprecise Costs},
	journal = {Fuzzy Sets and Systems},
	volume = 37,
	number = 1,
	pages = {33-42},
}

@incollection{Delgado90b,
	author = {M. Delgado and J.L. Verdegay and M.A. Vila},
	year = 1990,
	title = {A Possibilistic Approach for Multiobjective Programming Problems Efficiency of Solutions},
	booktitle = {Stochastic versus Fuzzy Approaches to Multiobjective Mathematical Programming under Uncertainty},
	editor = {R. S{\l}owi{\'n}ski and J. {Teghem Jr.}},
	publisher = {Kluwer Academic Publishers},
	pages = {229-248},
}

@article{Delgado93,
	author = {M. Delgado and F. Herrera and J.L. Verdegay and M.A. Vila},
	year = 1993,
	title = {Post-Optimality Analysis on the Membership Functions of a Fuzzy Linear Programming Problem},
	journal = {Fuzzy Sets and Systems},
	volume = 53,
	pages = {289-297},
}

@book{Delgado94,
	editor = {M. Delgado and J. Kacprzyk and J.L. Verdegay and M.A. Vila},
	year = 1994,
	title = {Fuzzy Optimization. Recent Advances},
	publisher= {Physica-Verlag},
}

@article{DePorter90,
	author = {E.L. {De Porter} and K.P. Ellis},
	year = 1990,
	title = {Optimization of Project Networks with Goal Programming and Fuzzy Linear Programming},
	journal = {Computers and Industrial Engineering},
	volume = 19,
	pages = {500-504},
}

@inproceedings{Dorn92a,
	author = {J{\"u}rgen Dorn and Wolfgang Slany and Christian Stary},
	title = {Uncertainty Management by Relaxation of Conflicting
		 Constraints in Production Scheduling},
	booktitle = {Practical Approaches to Scheduling and Planning},
	editor = {Marc Drummond and Mark Fox and Austin Tate and Monte Zweben}, 
	address = {Stanford, CA},
	publisher = {Published by the American Association of
		Artificial Intelligence}, 
	pages = {62-66},
	series = {Working Notes AAAI Spring Symposium Series},
	month = mar,
	year = 1992,
}

@techreport{Dorn92b,
	author = {J{\"u}rgen Dorn and Wolfgang Slany and Christian Stary},
	title = {Uncertainty Management by Relaxation of Conflicting
		 Constraints in Production Process Scheduling},
	institution = {Christian Doppler Laboratory for Expert
Systems, Technical University of Vienna},
	year = 1992,
	month = jan,
	type = {CD-Technical Report},
	number = {92/33},
	note = {URL: ftp://mira.dbai.tuwien.ac.at/pub/slany/cd-tr9233.ps.Z},
}

@inproceedings{Dorn92c,
	author = {J{\"u}rgen Dorn and Wolfgang Slany and Christian Stary},
	title = {Uncertainty Management by Relaxation of Conflicting
		 Constraints in Production Scheduling},
	booktitle = {Practical Approaches to Scheduling and Planning},
	editor = {Marc Drummond and Mark Fox and Austin Tate and Monte Zweben}, 
	address = {Stanford, CA},
	publisher = {NASA Ames Research Center, Artificial
		Intelligence Branch},
	pages = {62-66},
	series = {Working Notes from the 1992 AAAI Spring Symposium
		Series, republished as NASA Technical Report FIA-92-17},
	month = may,
	year = 1992}

@techreport{Dorn93c,
	author = {J{\"u}rgen Dorn and Wolfgang Slany},
	title = {A Flow Shop with Compatibility Constraints in a
Steelmaking Plant},
	institution = {Christian Doppler Laboratory for Expert
Systems, Technical University of Vienna},
	year = 1993,
	type = {CD-Technical Report},
	number = {93/56},
}

@techreport{Dorn93f,
	author = {J{\"u}rgen Dorn and Roger Kerr and Gabi Thalhammer},
	title = {Reactive Scheduling in a Fuzzy-Temporal Framework},
	note = {Appeared also as Preprints of the IFIP TC5/WG5.7
Workshop on Knowledge-based Reactive Scheduling, October 1993, Athens},
	institution = {Christian Doppler Laboratory for Expert
Systems, Technical University of Vienna},
	year = 1993,
	type = {CD-Technical Report},
	number = {93/55},
}

@incollection{Dorn94,
	author = {J{\"u}rgen Dorn and Wolfgang Slany},
	title = {A Flow Shop with Compatibility Constraints in a
Steelmaking Plant},
	booktitle = {Intelligent Scheduling},
	editor = {Mark Fox and Monte Zweben}, 
	publisher = {Morgan Kaufmann},
	year = 1994}

@techreport{Dorn94a,
	author = {J{\"u}rgen Dorn and Mario Girsch and G{\"u}nther
Skele and Wolfgang Slany},
	title = {Comparison of Iterative Improvement Techniques for
Schedule Optimization},
	institution = {Christian Doppler Laboratory for Expert
Systems, Technical University of Vienna},
	year = 1994,
	type = {CD-TR},
	number = {94/61},
}

@unpublished{Dorn94b,
	author = {J{\"u}rgen Dorn and Roger Kerr},
	title = {Cooperative scheduling systems communicating through
fuzzy sets},
	note = {Extended abstract},
	year = 1994,
}

@book{Driankov93,
	author = {D. Driankov and H. Hellendoorn and M. Reinfrank},
	title = {An Introduction to Fuzzy Control},
	publisher = {Springer Verlag, Heidelberg},
	year = 1993,
	note = {Section 1.2.3 (p.15) is devoted to Fuzzy Planning and
Fuzzy Scheduling.}, 
}

@article{Dubois78,
	author = {Didier Dubois and Henri Prade},
	title = {Algorithmes de plus court chemins pour traiter des
donn{\'e}es floues},
	journal = {R.A.I.R.O. Recherche
op{\'e}rationalle/Op{\'e}rations Research},
	volume = 12,
	number = 2,
	month = may,
	pages = {213-277},
	note = {In French},
	year = 1978,
}

@inproceedings{Dubois80,
	author = {D. Dubois and H. Prade},
	title = {The advantages of fuzzy approach in OR/MS
demonstrated on two examples of resource allocation problems},
	booktitle = {5th Int. Congress on Cybernetics and Systems
Research},
	address = {Vienna},
	year = 1980,
}

@incollection{Dubois86,
	author = {D. Dubois and G. Bel and H. Farreny and H. Prade},
	title = {Toward the use of fuzzy rule-based systems in the
monitoring of manufacturing systems},
	booktitle = {Software for Discrete Manufacturing},
	editor = {J. P. Crestin},
	publisher = {North-Holland, Amsterdam},
	year = 1986,
}

@incollection{Dubois86a,
	author = {D. Dubois and H. Prade},
	title = {Decision evaluation methods under uncertainty and imprecision},
	booktitle = {Combining Fuzzy Imprecision with Probabilistic
Uncertainty in Decision Making},
	editor = {Janusz Kacprzyk and Mario Fedrizzi},
	publisher = {Springer Verlag},
	pages = {48-65},
	year = 1986,
	volume = 310,
	series = {Lecture Notes in Economical and Mathematical Systems},
}

@incollection{Dubois87,
	author = {Didier Dubois},
	title = {Linear Programming with fuzzy data},
	booktitle = {Analysis of Fuzzy Information},
	editor = {James C. Bezdek},
	publisher = {CRC Press},
	pages = {241-263},
	year = 1987,
	volume = {III},
	series = {Applications in Engineering and Science},
	note = {This paper was also presented at the XXVIth meeting of
The Institute of Managment Sciences, Copenhagen, June 1984, as well as
the Int. Conf. on Fuzzy Information Processing (FIP-84), Kauai,
Hawaiian Islands, July 1984}
}

@article{Dubois87b,
	author = {Didier Dubois},
	title = {An application of fuzzy arithmetic to the
optimization of industrial machining process},
	journal = {Mathematic Modelling},
	year = 1987,
	volume = 9,
	number = 6,
	pages = {461-475},
}

@incollection{Dubois89,
	author = {Didier Dubois},
	title = {Fuzzy knowledge in an artificial intelligence system
		for job-shop scheduling},
	booktitle = {Applications of Fuzzy Set Methodologies in
		Industrial Engineering},
	editor = {Gerald W. Evans and Waldemar Karwowski and Mickey R.
		Wilhelm},  
	publisher = {Elsevier},
	series = {Advances in Industrial Engineering},
	volume = 8,
	year = 1989,
	pages = {73-89},
}

@article{Dubois89a,
	author = {Didier Dubois and Henri Prade},
	title = {Processing Fuzzy Temporal Knowledge},
	journal = {IEEE Transactions on Systems, Man, and Cybernetics},
	year = 1989,
	volume = 19,
	number = 4,
	pages = {729-744},
	month = aug,
}

@inproceedings{Dubois91,
	author = {Didier Dubois and Jean-Luc Koning},
	title = {{DEBORA}: A Decision Engine Based On Rational
Aggregation},
	booktitle = {The 2nd Annual IEEE Conference on AI, Simulation and
Planning in High Autonomy Systems},
	year = 1991,
	address = {Cocoa Beach, Florida},
	month = apr,
	pages = {68-77},
}

@techreport{Dubois92,
	author = {Didier Dubois and H\'{e}l\`{e}ne Fargier and Henri Prade},
	title = {Propagation and Satisfaction of Flexible Constraints},
	institution = {Institut de Recherche en Informatique de
		Toulouse (IRIT)},
	year = 1992,
	month = nov,
	type = {Rapport IRIT},
	number = {92-59-R},
	note = {To appear in ``Fuzzy Sets, Neural Networks and Soft
		Computing'', edited by R.~R.~Yager and L.~A.~Zadeh,
		Kluwer Academic Publ., 1993},
}

@inproceedings{Dubois93,
	author = {Didier Dubois and H\'{e}l\`{e}ne Fargier and Henri Prade},
	title = {Handling flexibility and uncertainty in job-shop scheduling},
	booktitle = {Workshop Notes of the Workshop on Fuzzy Scheduling Systems},
	editor = {Roger Kerr}, 
	address = {Linz, Austria},
	publisher = {University of Linz, Department of Mathematics},
	month = jun,
	year = 1993,
}

@techreport{Dubois93b,
	author = {Didier Dubois and H\'{e}l\`{e}ne Fargier and Henri Prade},
	title = {Handling flexibility and uncertainty in job-shop scheduling},
	institution = {Institut de Recherche en Informatique de
		Toulouse (IRIT)},
	year = 1993,
	month = nov,
	type = {Rapport IRIT},
	number = {93-30-R},
	note = {Actually composed of two reports by the authors,
``Handling priority and preference in constraint satisfaction
problems'' and ``The use of fuzzy constraints in
job-shop-scheduling'', the latter being also included in the working
papers of the IJCAI Workshop on Knowledge-Based Production Planning,
Scheduling and Control, Chamb\'{e}ry, 1993, pp.~101--112}, 
}

@incollection{Dubois93c,
	author = {Didier Dubois and H{\'e}l{\`e}ne Fargier and Henri Prade},
	title = {Propagation and satisfaction of flexible constraints},
	booktitle = {Fuzzy Sets, Neural Networks and Soft Computing},
	publisher = {Kluwer Acad.},
	year = 1993,
	editor = {Yager R.R. and Zadeh L.A.},
}

@inproceedings{Dubois93d,
	author = {Didier Dubois and H{\'e}l{\`e}ne Fargier and Henri Prade},
	title = {The calculus of fuzzy restrictions as a basis for flexible
		  constraint satisfaction}, 
	booktitle = {Proc. 2$^{nd}$ IEEE Conference on Fuzzy Sets},
	year = 1993,
	address = {San Francisco, CA},
	month = mar,
}

@inproceedings{Dubois93e,
	author = {Didier Dubois and H{\'e}l{\`e}ne Fargier and Henri Prade},
	title = {The use of fuzzy constraints in job-shop scheduling},
	booktitle = {Proc. of IJCAI-93/SIGMAN Workshop on Knowledge-based
		  Production Planning, Scheduling and Control},
	year = {1993},
	address = {Chambery, France},
	month = aug,
}

@article{Dutta92,
	author = {D. Dutta and J.R. Rao and R.N. Tiwari},
	year = 1992,
	title = {Sensitivity Analysis in Fuzzy Linear Fractional Programming Problem},
	journal = {Fuzzy Sets and Systems},
	volume = 48,
	pages = {211-216},
}

@article{Dutta92a,
	author = {D. Dutta and R.N. Tiwari and J.R. Rao},
	year = 1992,
	title = {Multiple Objective Linear Fractional Programming -- A Fuzzy Set Theoretic Approach},
	journal = {Fuzzy Sets and Systems},
	volume = 52,
	pages = {39-45},
}

@article{Dutta93,
	author = {D. Dutta and J.R. Rao and R.N. Tiwari},
	year = 1993,
	title = {Fuzzy Approach for Multiple Criteria Linear Fractional Optimization: A Comment},
	journal = {Fuzzy Sets and Systems},
	volume = 54,
	pages = {347-349},
}

@article{Eldukair92,
	author = {Ziad A. Eldukair and Bilal M. Ayyub},
	title = {Multi-attribute fuzzy decisions in construction strategies},
	journal = {Fuzzy Sets and Systems},
	year = {1992},
	volume = {46},
	pages = {155-165},
}

@article{Eversheim92,
	author = {W. Eversheim and Hans-Peter Lipp and F. Lehmann},
	title = {Getting trouble in assembly under control.
Fuzzy-Petri-networks for replanning},
	journal = {VDI-Zeitschrift},
	year = 1992,
	volume = 134,
	number = 2,
	pages = {93-96},
	month = feb,
}

@incollection{Fabian84,
	author = {C. Fabian and M. Stoica},
	year = 1984,
	title = {Fuzzy Integer Programming},
	booktitle = {Fuzzy Sets and Decision Analysis},
	editor = {H.J. Zimmermann and L.A. Zadeh and B.R. Gaines},
	publisher = {North-Holland, Amsterdam},
	pages = {123-132},
}

@techreport{Fargier92,
	address = {Toulouse, France},  
	author = {H{\'e}l{\`e}ne Fargier},  
	institution = {IRIT-UPS},  
	month =  sep,  
	number = {92-29-R},  
	title = {Probl{\`e}mes de satisfaction de contraintes floues},  
	year =  1992,
	note = {In French},
}

@inproceedings{Fargier92a,
	address = {N\^{\i}mes, France},  
	author = {H{\'e}l\`ene Fargier and Roger Martin-Clouaire and Thomas Schiex},  
	booktitle = {Journ{\'e}es nationales ``{L}es applications des
ensembles flous''},
	note = {In French},
	month =  oct,  
	pages = {183-191},
	title = {Satisfaction de contraintes souples},  
	year = 1992,
}

@inproceedings{Fargier93,
	author = {H\'{e}l\`{e}ne Fargier and J{\'e}r{\^o}me Lang and
Thomas Schiex},
	title = {Selecting Preferred Solutions in Fuzzy Constraint
Satisfaction Problems}, 
	booktitle = {EUFIT'93, First European Congress on Fuzzy and
Intelligent Technologies},
	editor = {Hans-J{\"u}rgen Zimmermann}, 
	address = {Aachen, Germany},
	publisher = {Augustinus Buchhandlung},
	month = sep,
	year = 1993,
	pages = {1128-1134}, 
}

@book{Fedrizzi91,
	editor = {M. Fedrizzi and J. Kacprzyk and M. Roubens},
	year = 1991,
	title = {Interactive Fuzzy Optimization},
	series = {Lecture Notes in Economics and Mathematical Systems},
	publisher = {Springer-Verlag},
}

@incollection{Fedrizzi91a,
	author = {M. Fedrizzi and J. Kacprzyk and J.L. Verdegay},
	year = 1991,
	title = {A Survey of Fuzzy Optimization and Mathematical Programming},
	booktitle = {Interactive Fuzzy Optimization},
	series = {Lecture Notes in Economics and Mathematical Systems},
	publisher = {Springer-Verlag},
	editor = {M. Fedrizzi and J. Kacprzyk and M. Roubens},
	pages = {15-28},
}

@article{Fedrizzi92,
	author = {M. Fedrizzi and R. Fuller},
	year = 1992,
	title = {Stability in possibilistic linear programming with continuous fuzzy number parameters},
	journal = {Fuzzy Sets and Systems},
	volume = 47,
	number = 2,
	pages = {187-191},
}

@article{Feng83,
	author = {Y.J. Feng},
	year = 1983,
	title = {A Method Using Fuzzy Mathematics to Solve the Vectormaximum Problem},
	journal = {Fuzzy Sets and Systems},
	volume = 9,
	pages = {129-136},
}

@article{Filev92,
	author = {Dimitar Filev},
	title = {Fuzzy Optimal Control},
	journal = {Fuzzy Sets and Systems},
	year = {1992},
	volume = 47,
	pages = {151-156}, 
}

@article{Fischer93,
	author = {B. Fischer},
	journal = {VDI--Berichte},
	pages = {91-108},
	title = {Ein {W}erkzeug zur auftragsbezogenen {G}enerierung
von {F}uzzy {P}etri--{N}etz {M}odellen einer {F}ertigungssteuerung},
	volume = 1035,
	year = 1993,
	note = {In German},
}

@article{Freuder92,
	author = {Eugene C. Freuder and Richard J. Wallace},
	title = {Partial constraint satisfaction},
	journal = {Artificial Intelligence},
	year = 1992,
	volume = 58,
	pages = {21-70},
}

@techreport{Fukumori80,
	author = {Koji Fukumori},
	title = {Fundamental scheme for train scheduling},
	institution = {Artificial Intelligence Laboratory,
Massachusetts Institute of Technology},
	year = 1980,
	type = {MIT AI Memo},
	number = {596},
	month = sep,
	note = {Fuzzy constraint based approach to determine the
arrival and starting times of trains at stations.},
}

@article{Fuller89,
	author = {R. Fuller},
	year = 1989,
	title = {On Stability in Fuzzy Linear Programming Problems},
	journal = {Fuzzy Sets and Systems},
	volume = 30,
	pages = {339-344},
}

@inproceedings{Furuhashi93,
	author = {Takeshi Furuhashi et al.},
	title = {An Acquisition of Scheduling Knowledge Using Fuzzy Classifier System},
	booktitle = {Proceedings of the 9th Fuzzy System
Symposium},
	year = 1993,
	address = {Sapporo Japan},
	note = {In Japanese},
	month = may, 
}

@inproceedings{Furukawa93,
	author = {Nagata Furukawa et al.},
	title = {Fuzzy Linear Programming with a Partial Order Relation among Fuzzy Number},
	booktitle = {Proceedings of the 9th Fuzzy System
Symposium},
	year = 1993,
	address = {Sapporo Japan},
	month = may,
	note = {In Japanese},
}

@article{Garcia93,
	author = {M.C. Garcia-Aguado and J.L. Verdegay},
	year = 1993,
	title = {On the Sensitivity of Membership Functions for Fuzzy Linear Programming Problems},
	journal = {Fuzzy Sets and Systems},
	volume = 56,
	number = 1,
	pages = {47-49},
}

@mastersthesis{Geidel89,
	author = {J. Geidel},
	title = {{Zeitplanung von Projekten mit unscharfen Daten}},
	school = {Univ. Karlsruhe},
	type = {Diplomarbeit},
	note = {In German},
	year = 1989,
}

@article{Geidel90,
	author = {J. Geidel},
	title = {Project Scheduling with fuzzy data},
	journal = {Methods of Operations Research},
	year = 1990,
	volume = 62,
	pages = {339-347},
}

@inproceedings{Grabot90,
	author = {Bernard Grabot},
	title = {Fuzzy knowledge modelling in complex process
control},
	booktitle = {NAFIPS'90: Quater Century of Fuzziness},
	year = 1990,
	address = {Toronto, Canada},
	month = jun,
	pages = {200-203},
}

@article{Grabot93,
	author = {Bernard Grabot},
	title = {A decision support system for variable routings
management in manufacturing systems},
	journal = {Fuzzy Sets and Systems},
	year = 1993,
	volume = 58,
	pages = {87-104},
}

@article{Grabot94a,
	author = {Bernard Grabot and Laurant Geneste},
	title = {Dispatching rules in scheduling: a fuzzy approach},
	journal = {International Journal of Production Research},
	year = 1994,
	volume = {to be published},
}

@article{Grabot94b,
	author = {Bernard Grabot and Laurant Geneste and Arnaud Dupeux},
	title = {Multi-heuristic scheduling: three approaches to tune compromizes},
	journal = {Journal of Intelligent Manufacturing},
	year = 1994,
	volume = {to be published},
}

@inproceedings{Guan92,
	author = {Qi Guan and Gerhard Friedrich},
	title = {Extending constraint satisfaction problem
solving in structural design},
	booktitle = {Proceedings of the 5th International
Conference IEA/AIE},
	year = 1992,
	address = {Paderborn, Germany},
	month = jun,
}

@inproceedings{Guan93,
	author = {Qi Guan and Gerhard Friedrich},
	title = {Fuzzy control over constraint satisfaction problem
solving in structural design},
	booktitle = {Proceedings of the 2nd IEEE International
Conference on Fuzzy Systems},
	year = 1993,
	address = {San Francisco},
	month = mar,
}

@phdthesis{Guan94,
	author = {Qi Guan},
	title = {Extending Constraint Satisfaction Problem Solving
with Fuzzy Set Theory}, 
	school = {Technical University of Vienna},
	year = 1994, 
}

@inproceedings{Guenther93,
	author = {Rolf G{\"u}nther and Hans-Peter Lipp},
	title = {A Fuzzy {P}etri Net Concept for Complex Decision Making
Processes in Production Control},
	booktitle = {EUFIT'93, First European Congress on Fuzzy and
Intelligent Technologies},
	editor = {Hans-J{\"u}rgen Zimmermann}, 
	address = {Aachen, Germany},
	publisher = {Augustinus Buchhandlung},
	month = sep,
	year = 1993,
	pages = {290-295},
}

@article{Guenther93a,
	author = {R. G{\"u}nther and J. Toggweiler},
	journal = {VDI--Berichte},
	pages = {73-89},
	title = {Ein {F}uzzy {A}nsatz f{\"u}r die operative
{F}{\"u}hrung eines {M}ontagebandes im {F}ahrzeugkranbau},
	volume = 1035,
	year = 1993,
	note = {In German},
}

@article{Hamacher78,
	author = {H. Hamacher and H. Leberling and H.J. Zimmermann},
	year = 1978,
	title = {Sensitivity Analysis in Fuzzy Linear Programming},
	journal = {Fuzzy Sets and Systems}, 
	volume =1,
	number = 4,
	pages = {269-281},
}

@article{Hannan81a,
	author = {E.L. Hannan},
	year = 1981,
	title = {Linear Programming with Multiple Fuzzy Goals},
	journal = {Fuzzy Sets and Systems},
	volume = 6,
	pages = {235-248},
}

@article{Hannan81b,
	author = {E.L. Hannan},
	year = 1981,
	title = {On Fuzzy Goal Programming},
	journal = {Decision Science},
	volume = 12,
	pages = {522-531},
}

@article{Hannan81c,
	author = {E.L. Hannan},
	year = 1981,
	title = {Fuzzy Programming with Multiple Fuzzy Goals},
	journal = {Fuzzy Sets and Systems},
	volume = 6,
	pages = {235-248},
}

@techreport{Hapke91,
	author = {Maciej Hapke},
	title = {System {PROFAD} for fuzzy project scheduling},
	institution = {Inst. of Computing Science, Technical Univ. of Poznan},
	year = 1991,
	number = {11/91},
}

@article{Hapke93,
	author = {Maciej Hapke and Roman S{\l}owi{\'n}ski},
	year = 1993,
	title = {A {DSS} for resource-constrained project scheduling
under uncertainty},
	journal = {Journal of Decision Systems},
	volume = 2,
	number =2,
	pages = {111-128},
}

@article{Hapke94,
	author = {Maciej Hapke and Andrzej Jaszkiewicz and Roman S{\l}owi{\'n}ski},
	year = 1994,
	title = {Fuzzy Project Scheduling System for Software Development},
	journal = {Fuzzy Sets and Systems},
	volume = {Accepted for publication},
}

@article{Hasegawa89,
	author = {A. Hasegawa and F. Taki and N. Yoshitani},
	title = {Development of Shape Control System for Cold Strip Mill},
	journal = {CAMP-ISIJ},
	volume =2,
	year = 1989, 
	pages = {463ff},
	note = {In Japanese},
}

@article{Hasegawa90,
	author = {Akihiko Hasegawa and Fumio Taki},
	title = {Development of Shape
Fuzzy Control System for Cold Strip Mill},
	journal = {Seitetsu Kenkyu (Nippon
Steel Research Journal)},
	year = 1990,
	volume = {Special Issue on Instrument and Control Engineering},
	number = 339,
	pages = {53-56},
	month = oct,
	note = {In Japanese (ISSN: 0370-9566)},
}

@article{Hashimoto87a,
	author = {K. Hashimoto and S. Matsuoka and M. Toyoshima},
	title = {Blast Furnace Artificial Intelligence System Based On
{ESHELL} for {NKK} Corporation},
	journal = {Fujitsu (Japan)},
	year = 1987,
	volume = 38,
	number = 5,
	pages = {422-428},
	note = {In Japanese (ISSN:~0016-2515)},
}

@inproceedings{Hashimoto87b,
	author = {K. Hashimoto},
	title = {Expert System Development for Blast
Furnace Operation Control at {F}ukuyama Works},
	booktitle = {Proceedings of the
Australian Computer Conference~1987},
	year = 1987,
	pages = {793-810},
	address = {Melbourne, Vic., Australia},
	month = sep,
	organization = {Darlinghurst, NSW, Australia: Australian Computer
Society},
}

@inproceedings{Hashiyama93,
	author = {Tomonori Hashiyama et al.},
	title = {A Study on Varying Degrees of Attention in Multi-Attribute Decision
Making Processes},
	booktitle = {Proceedings of the 9th Fuzzy System
Symposium},
	year = 1993,
	address = {Sapporo Japan},
	month = may,
	note = {In Japanese},
}

@inproceedings{Hatono92,
	author = {Itsuo Hatono and Tetsuya Suzuka and Motohide Umano
		and Hiroyuki Tamura},
	title = {Towards Intelligent Scheduling for Flexible
		Manufacturing: Application of Fuzzy Inference to
		realize High-Variety of Objectives}, 
	booktitle  = {Proceedings of the JAPAN/USA Symposium on
		Flexible Automation (A Pacific Rim
		Conference)}, 
	editor = {Ming Leu},
	volume = 1,
	address = {San Francisco, California},
	month = jul, 
	year = 1992,
	pages = {433-440},
}

@misc{Helfrich92,
	author = {Ch. Helfrich},
	title = {{Die Auswirkung der Fuzzy-Technologie auf die Logistik}},
	howpublished = {Fachhochschule M{\"u}nchen. Handout from
presentation at the Wirtschaftsforum der F{\"u}hrungskr{\"a}fte,
Vienna, Austria},
	note = {In German},
	month = oct,
	year = 1992,
}

@incollection{Herrera91,
	author = {F. Herrera and J.L. Verdegay},
	year = 1991,
	title = {Approaching Fuzzy Integer Linear Programming Problems},
	pages = {78-91},
	booktitle = {Interactive Fuzzy Optimization},
	series = {Lecture Notes in Economics and Mathematical Systems},
	publisher = {Springer-Verlag},
	editor = {M. Fedrizzi and J. Kacprzyk and M. Roubens},
}

@inproceedings{Herrera92,
	author = {F. Herrera and J.L. Castro and J.L. Verdegay},
	year = 1992,
	title = {Solving Linear Boolean Programming Problems with Imprecise Costs},
	booktitle = {Proceeding of the IEEE International Conference on Fuzzy Systems},
	address = {San Diego, USA},
	pages = {1025-1032},
}

@inproceedings{Herrera92a,
	author = {F. Herrera and M. Kovacs and J.L. Verdegay},
	year = 1992,
	title = {Fuzzy Linear Programming Problems with Homogeneous Linear Fuzzy Functions},
	booktitle = {Proc. of the Int. Conf. on Information Processing and Management of Uncertainty in Knowledge-Based Systems (IPMU'92)},
	address= {Palma, Spain},
	pages = {361-364},
}

@inproceedings{Herrera92b,
	author = {F. Herrera and M. Kovacs and J.L. Verdegay},
	year = 1992,
	title = {An Optimum Concept for Fuzzified Linear Programming Problems: A Parametric Approach},
	editor = {B. Riecan and M. Duchon},
	booktitle = {Proc. of the Int. Conf. on Fuzzy Sets Theory and App.},
	volume = 1,
	publisher = {Tatra Mountains Math. Pub.},
	pages = {57-64},
}

@article{Herrera93a,
	author = {F. Herrera and M. Kovacs and J.L. Verdegay},
	year = 1993,
	title = {Optimality for Fuzzified Mathematical Programming Problems: A Parametric Approach},
	journal = {Fuzzy Sets and Systems},
	volume = 54,
	number = 3,
	pages = {279-285},
}

@article{Herrera93b,
	author = {F. Herrera and M. Kovacs and J.L. Verdegay},
	year = 1993,
	title = {A Parametric Approach for (G,P)-Fuzzified Linear Programming Problems},
	journal = {The Journal of Fuzzy Mathematics},
	volume = 1,
	number = 3,
	pages = {699-713},
}

@article{Herrera93c,
	author = {F. Herrera and J.L. Verdegay},
	year = 1993,
	title = {Three Models of Fuzzy Integer Programming},
	journal = {To appear in European Journal of Operations Research},
}

@article{Herrera93d,
	author = {F. Herrera and J.L. Verdegay and H.J. Zimmermann},
	year = 1993,
	title = {Boolean Programming Problems with Fuzzy Constraints},
	journal = {Fuzzy Sets and Systems},
	volume = 55,
	number = 3,
	pages = {285-293},
}

@article{Hintz89,
	author = {G.W. Hintz and H.-J. Zimmermann},
	journal = {European Journal of Operational Research},
	pages = {21-334},
	title = {A method to control Flexible Manufacturing Systems},
	volume = 41,
	year = 1989,
	note = {In German},
}

@article{Ibrahim92,
	author = {Ahmed Ibrahim and Bilal M. Ayyub},
	title = {Multi-criteria ranking of components according to
their priority for inspection},
	journal = {Fuzzy Sets and Systems},
	year = {1992},
	volume = {48},
	number = {1},
	pages = {1-14},
	month = may, 
}

@inproceedings{Ikoma93,
	author = {Norikazu Ikoma et al.},
	title = {Numerical Solution of Inverse Problem of Fuzzy Model},
	booktitle = {Proceedings of the 9th Fuzzy System
Symposium},
	year = 1993,
	address = {Sapporo Japan},
	month = may,
	note = {In Japanese},
}

@article{Inuiguchi89a,
	author = {M. Inuiguchi and H. Ichihashi and Y. Kume},
	year = 1989,
	title = {Aspect Configuration of Fuzzy Mathematical Programming Problems},
	journal = {Trans. System Control and Inf. Soc.},
	volume = 2,
	pages = {326-351},
}

@article{Inuiguchi89b,
	author = {M. Inuiguchi and H. Ichihashi and H. Tanaka},
	year = 1989,
	title = {Possibilistic Linear Programming with Measurable Value Function},
	journal = {ORSA J. on Computing},
	volume = 1,
	number = 3,
	pages = {146-158},
}

@article{Inuiguchi90a,
	author = {M. Inuiguchi and H. Ichihashi},
	year = 1990,
	title = {Relative Modalities and their Use in Possibilistic Linear Programming},
	journal = {Fuzzy Sets and Systems},
	volume = 35,
	pages = {303-323},
}

@article{Inuiguchi90b,
	author = {M. Inuiguchi and H. Ichihashi and Y. Kume},
	year = 1990,
	title = {A Solution Algorithm for Fuzzy Linear Programming with Piecewise Linear Membership Functions},
	journal = {Fuzzy Sets and Systems},
	volume = 34,
	pages = {15-31},
}

@article{Inuiguchi92,
	author = {M. Inuiguchi and H. Ichihashi and Y. Kume},
	year = 1992,
	title = {Relationships between Modality Constrained Programming Problems and Various Fuzzy Mathematical Programming Problems},
	journal = {Fuzzy Sets and Systems},
	volume = 49,
	pages = {243-259},
}

@article{Inuiguchi93,
	author = {M. Inuiguchi and H. Ichihashi and Y. Kume},
	year = 1993,
	title = {Modality Constrained Programming Problems: A Unified Approach to Fuzzy Mathematical Programming Problems in the Setting of Possibility Theory},
	journal = {Information Sciences},
	volume = 67,
	pages = {93-126},
}

@article{Ishibuchi90,
	author = {H. Ishibuchi and H. Tanaka},
	year = 1990,
	title = {Multiobjective Programming in Optimization of the Interval Objective Function},
	journal = {European Journal of Operational Research},
	volume = 48,
	pages = {219-225},
}

@article{Ishii92,
	author = {Hiroaki Ishii and Minoru Tada and Teruo Masuda},
	title = {Two scheduling problems with fuzzy due-dates},
	journal = {Fuzzy Sets and Systems},
	year = 1992,
	month = mar,
	volume = 46,
	number = 3,
	pages = {339-347},
	annotation = {Fuzzy due-dates, generalized two machine open
shop (processing order of the two operations of each job is not
specified and processing of each job can be started on either machine)
scheduling problem and identical machine scheduling problem. The
degree of satisfaction decreases with lateness. An additional
objective is the costs of machine speed, but no clues are given on how
the different objectives are combined. Includes time complexity
analysis for the given problem. They point out in the conclusion that
it is interesting to analyse further fuzzy constraints for scheduling
problems.}, 
}

@article{Isik92,
	author = {C. Isik and S. Ammar},
	year = 1992,
	title = {Fuzzy Optimal Search Methods},
	journal = {Fuzzy Sets and Systems},
	volume = 46,
	pages = {331-337},
}

@techreport{Iwamoto87,
	author = {Munetaka Iwamoto and Kokichi Hashimoto and Mamoru Inaba and
Takashi Kobayashi and Osamu Komatsu and Masayasu Shimizu},
	title = {Computer Control
System at No. 4 and No. 5 Sintering Plant's in {F}ukuyama Works},
	institution = {Nippon Kokan},
	year = 1987,
	number = {117},
	month = apr,
	note = {In Japanese},
}

@article{Jang92,
	author = {S-S. Jang and S-H. Wong and C-K. Liau},
	year = 1992,
	title = {On-line/Off-line Optimization of Complex Processes Using a Linguistic Self-Organized Optimizing Control Scheme},
	journal = {Fuzzy Sets and Systems},
	volume = 47,
	pages = {23-33},
}

@incollection{Kabbara82,
	author = {G. Kabbara},
	year = 1982,
	title = {New Utilization of Fuzzy Optimization Method},
	editor = {M.M. Gupta and E. Sanchez},
	booktitle = {Fuzzy Information and Decision Processes},
	publisher = {North-Holland, Amsterdam},
	pages = {239-246},
}

@inproceedings{Kacprzyk84,
	author = {J. Kacprzyk and J.W. Owsinski},
	year = 1984,
	title = {Nonstandard Mathematical Programming Models including Imprecision as a planning tool in an agricultural enterprise operating in varying conditions},
	booktitle = {Proc. Conf. on Organization of Agricultural Enterprises},
	address = {Kolobrzeg},
}

@book{Kacprzyk87,
	editor = {J. Kacprzyk and S. A. Orlovski},
	year = 1987,
	title = {Optimization Models using Fuzzy Sets and Possibility Theory},
	publisher = {D. Reidel Publishing Co.},
}

@book{Kacprzyk90,
	author = {J. Kacprzyk and M. Fedrizzi},
	year = 1990,
	title = {Multiperson Decision Making Using Fuzzy Sets and Possibility Theory},
	publisher = {Kluwer Academic Pub. Co},
}

@article{Kanemoto90,
	author = {Michitaka Kanemoto and Hiroshi Yamane and Tooru Yoshida and
Hideo Tottori},
	title = {An Application of Expert System to {LD} Converter Processes},
	journal = {Journal of the Iron and Steel Institute of Japan, ISIJ
International},
	year = 1990,
	volume = 30,
	number = 2,
	pages = {128-135},
}

@inproceedings{Kerr89,
	author = {Roger M. Kerr and R. N. Walker},
	title = {A Job Shop Scheduling System Based on Fuzzy
		Arithmetic},
	booktitle  = {Proceedings of the 2nd International Conference
		on Expert Systems and Leading Edge in Production and
		Operations Management}, 
	address = {Hilton Head Island, S.C.},
	organization = {Management Science Dept., University of S. Carolina},
	year = 1989,
	month = may,
	pages = {433-450},
}

@inproceedings{Kerr91,
	author = {Roger M. Kerr},
	title = {Implementation of Expert Systems for Production
		Scheduling - Three Case Studies},
	booktitle  = {Proceedings of the 1st World Congress on Expert Systems}, 
	publisher = {Pergamon Press},
	year = 1991,
	month = dec,
	pages = {405-414},
}

@inproceedings{Kerr93,
	author = {Roger M. Kerr},
	title = {Research Issues and Challenges in Fuzzy Scheduling},
	booktitle = {Workshop Notes of the Workshop on Fuzzy Scheduling Systems},
	editor = {Roger Kerr}, 
	address = {Linz, Austria},
	publisher = {University of Linz, Department of Mathematics},
	month = jun,
	year = 1993,
}

@article{King90,
	author = {M. King and A. Mercer},
	year = 1990,
	title = {The Optimum Markup When Bidding with Uncertain Costs},
	journal = {European Journal of Operational Research},
	volume = 47,
	pages = {348-363},
}

@article{Koczy92,
	author = {L.T. Koczy},
	year = 1992,
	title = {Fuzzy Graphs in the Evaluation and Optimization of Networks},
	journal = {Fuzzy Sets and Systems},
	volume = 46,
	pages = {307-319},
}

@article{Kolodziejczyk88,
	author = {W. Kolodziejczyk},
	year = 1988,
	title = {On Equivalence of Two Optimization Methods for Fuzzy Discrete Programming Problems},
	journal = {European Journal of Operational Research},
	volume = 36,
	pages = {85-91},
}

@inproceedings{Kosaka93,
	author = {Ken{-}ichi Kosaka et al.},
	title = {The Application of Fuzzy Linear Programming to Flow Control of Crossing
Gate Network},
	booktitle = {Proceedings of the 9th Fuzzy System
Symposium},
	year = 1993,
	address = {Sapporo Japan},
	month = may,
	note = {In Japanese},
}

@incollection{Kovacs91,
	author = {M. Kovacs},
	year = 1991,
	title = {A Concept of Optimality for Fuzzified Linear Programming Problems},
	pages = {36-44},
	booktitle = {Interactive Fuzzy Optimization},
	series = {Lecture Notes in Economics and Mathematical Systems},
	publisher = {Springer-Verlag},
	editor = {M. Fedrizzi and J. Kacprzyk and M. Roubens},
}

@article{Kovacs92,
	author = {M. Kovacs},
	year = 1992,
	title = {Stable Embedding of Ill-posed Linear Equality and Inequality Systems into Fuzzified Systems},
	journal = {Fuzzy Sets and Systems},
	volume = 45,
	pages = {305-312},
}

@article{Lai92a,
	author = {Y-J. Lai and C-L. Hwang},
	year = 1992,
	title = {Interactive Fuzzy Linear Programming},
	journal = {Fuzzy Sets and Systems},
	volume = 45,
	pages = {169-183},
}

@article{Lai92b,
	author = {Y-J. Lai and C-L. Hwang},
	year = 1992,
	title = {A New Approach to Some Possibilistic Linear Programming Problems},
	journal = {Fuzzy Sets and Systems},
	volume = 49,
	pages = {121-133},
}

@book{Lai92c,
	author = {Y-J. Lai and C-L. Hwang},
	year = 1992,
	title = {Fuzzy Mathematical Programming. Methods and Applications},
	series = {Lecture Notes in Economics and Mathematical Systems},
	number = 394,
	publisher = {Springer Verlag},
}

@article{Lai93,
	author = {Y-J. Lai and C-L. Hwang},
	year = 1993,
	title = {Possibilistic Linear Programming for Managing Interest Rate Risk},
	journal = {Fuzzy Sets and Systems},
	volume = 54,
	pages = {135-146},
}

@inproceedings{Lang91,
	author = {J{\'e}r{\^o}me Lang},  
	booktitle = {FAIR'91},  
	title = {Possibilistic Logic as a Logical Framework for Min-Max
Discrete Optimisation Problems and Prioritized Constraints},
	year = 1991,
}

@mastersthesis{Laenger94,
	author = {Thomas L{\"a}nger},
	title = {Fuzzy and possibilistic approaches towards scheduling applications},
	school = {Technical University of Vienna},
	year = 1994,
	type = {Diplomarbeit (in English language)},
}

@article{Leberling81,
	author = {H. Leberling},
	year = 1981,
	title = {On finding Compromise Solutions in Multi-Criteria Problems Using the Fuzzy Min-Operator},
	journal = {Fuzzy Sets and Systems},
	volume = 6,
	pages = {105-118},
}

@article{Lee93,
	author = {E. Stanley Lee and R.J. Li},
	year = 1993,
	title = {Fuzzy multiple objective programming and compromise programming with {P}areto optimum},
	journal = {Fuzzy Sets and Systems},
	volume = 53,
	pages = {275-288},
}

@inproceedings{Lehtimaki87,
	author = {A. Lehtim{\"a}ki},  
	title = {A fuzzy decision aid for production control},
	booktitle = {Second IFSA Congress},  
	address = {Tokyo, Japan},
	year = 1987,
	month = jul,
	pages = {628-632},
}

@article{Li90,
	author = {R.J. Li and E.S. Lee},
	year = 1990,
	title = {Fuzzy Approaches to Multicriteria {De Novo} Programs},
	journal = {J. Math. Anal. Appl.},
	volume = 153,
	pages = {97-111},
}

@article{Li91,
	author = {R.J. Li and E.S. Lee},
	year = 1991,
	title = {An Exponential Membership Function form Fuzzy Multiple Objective Linear Programming},
	journal = {Comp. Math. App.},
	volume = 22,
	number = 12,
	pages = {55-60},
}

@article{Li93,
	author = {R.J. Li and E.S. Lee},
	year = 1993,
	title = {{De Novo} Programming with Fuzzy Coefficients and Multiple Fuzzy Goals},
	journal = {J. of Mathematical Analysis and Applications},
	volume = 172,
	pages = {212-220},
}

@phdthesis{Lipp80,
	author = {Hans-Peter Lipp},
	title = {{Die Anwendung der unscharfen Mengentheorie f{\"u}r ein
Steuerungskonzept zur operativen Fuehrung komplexer Systeme}},
	school = {TH Karl-Marx-Stadt (Chemnitz)},
	year = {1980},
	type = {Dissertation A},
	note = {In German},
}

@article{Lipp82,
	author = {Hans-Peter Lipp},
	title = {{Anwendung eines Fuzzy-Petri-Netzes zur Beschreibung von
Koordinierungssteuerungen in komplexen Produktionssystemen}},
	journal = {Wissenschaftliche Zeitschrift der TU Chemnitz},
	year = {1982},
	volume = {24},
	number = {5},
	pages = {633-639},
	note = {In German},
}

@phdthesis{Lipp89a,
	author = {Hans-Peter Lipp},
	title = {{Ein Konzept eines unscharfen Petri-Netzes als Grundlage f{\"u}r
operative Entscheidungsprozesse in komplexen Produktionssystemen}},
	school = {TU Karl-Marx-Stadt (Chemnitz)},
	year = {1989},
	type = {Dissertation B (Habilitationsschrift, TU Chemnitz)},
	note = {In German},
}

@techreport{Lipp89b,
	title = {{Unscharfe Petri-Netze -- Ein Basiskonzept f{\"u}r
computerunterst{\"u}tzte Entscheidungsprozesse in komplexen Systemen}},
	author = {Hans-Peter Lipp and Rolf G{"u}nther and P. Sonntag},
	institution = {TU Chemnitz},
	year = 1989,
	type = {Wissenschaftliche Schriftenreihe},
	number = 7,
	note = {In German},
}

@article{Lipp90,
	author = {Hans-Peter Lipp},
	title = {{Flexible Fertigungssysteme nach st{\"u}ckflu{\ss}abh{\"a}ngigen und
zeitabh{\"a}ngigen Kriterien steuern}},
	journal = {ZWF CIM},
	year = {1990},
	volume = {12},
	pages = {625--655},
	note = {In German},
}

@article{Lipp91,
	author = {Hans-Peter Lipp and B. Fischer},
	title = {{Entwurf von Fuzzy-Petri-Netzen f{\"u}r die operative F{\"u}hrung
flexibler Fertigungssysteme}},
	journal = {Wissenschaftliche Zeitschrift der TU Chemnitz},
	year = {1991},
	volume = {33},
	number = {6},
	pages = {825--833},
	note = {In German},
}

@article{Lipp91a,
	author = {Hans-Peter Lipp},
	title = {{Die operative Montagesteuerung auf der Grundlage von
zeitbewerteten Fuzzy-Petri-Netzen}},
	journal = {Wissenschaftliche Zeitschrift der TU Chemnitz},
	year = 1991,
	volume = 33,
	number = 6,
	pages = {835--842},
	note = {In German},
}

@inproceedings{Lipp91b,
	author = {Hans-Peter Lipp},
	title = {Application of timed fuzzy {P}etri nets in expert systems for
operative management of complex production systems},
	booktitle = {Prozessrechensysteme '91. (Process Computer Systems '91)
Proceedings},
	year = {1991},
	publisher = {Springer-Verlag},
	pages = {103--112},
	address = {Berlin, Heidelberg, New York},
	editor = {G. Hommel},
}

@inproceedings{Lipp92a,
	author = {Hans-Peter Lipp},
	title = {{Erweiterung des Fuzzy-Control-Konzeptes f{\"u}r
Steuerungsaufgaben in der Verfahrensindustrie}},
	booktitle = {Anwendersymposium zu Fuzzy-Technologien, 8.-9.9.1992,
Proceedings},
	year = {1992},
	publisher = {MIT GmbH},
	address = {Korneliuscenter, Promenade 9, D-52076 Aachen, Germany},
	note = {In German},
}

@article{Lipp92b,
	author = {Hans-Peter Lipp},
	title = {{Einsatz von Fuzzy-Konzepten f{"u}r das operative
Produktionsmanagement}},
	journal = {Automatisierungstechnische Praxis},
	year = {1992},
	volume = {34},
	number = {12},
	note = {In German},
}

@article{Lipp92c,
	author = {H.-P. Lipp},
	journal = {V{DI}--{B}erichte},
	pages = {181-198},
	title = {Ergebnis- und zeitabh{\"a}ngige {S}imulation
flexibler {F}ertigungssysteme mittels {F}uzzy {P}etri-{N}etzen},
	volume = 989,
	year = 1992,
	note = {In German},
}

@article{Lipp92d,
	author = {H.-P. Lipp},
	journal = {atp-{A}utomatisierungstechnische Praxis},
	number = 12,
	pages = {668-675},
	title = {Einsatz von {F}uzzy {K}onzepten f{\"u}r das operative
{P}roduktionsmanagement},
	volume = 34,
	year = 1992,
	note = {In German},
}

@inproceedings{Lipp92e,
	author = {H.-P. Lipp and W. Ringelband},
	booktitle = {Fuzzy Logic, IIR-Konferenz},
	title = {Einsatz eines {M}odells auf {B}asis unscharfer
{P}etri--{N}etze zur {D}isposition des {P}fanneneinsatzes im
{S}tahlwerk},
	year = 1992,
	month = may,
	address = {M{\"u}nchen},
 	note = {In German},
}

@article{Lipp93,
	author = {H.-P. Lipp},
	journal = {Spektrum der Wissenschaft},
	title = {Flexible {P}roduktionsf{\"u}hrung durch unscharfe
{P}roduktionsprozessregelung},
	volume = 3,
	year = 1993,
 	note = {In German},
}

@article{Llena85,
	author = {J. Llena},
	year = 1985,
	title = {On Fuzzy Linear Programming},
	journal = {European Journal of Operational Research},
	volume = 22,
	pages = {216-223},
}

@article{Lodwick90,
	author = {W.A. Lodwick},
	year = 1990,
	title = {Analysis of Structure in Fuzzy Linear Programs},
	journal = {Fuzzy Sets and Systems},
	volume = 38,
	pages = {15-26},
}

@article{Luhandjula83,
	author = {M.K. Luhandjula},
	year = 1983,
	title = {Linear Programming under Randomness and Fuzziness},
	journal = {Fuzzy Sets and Systems},
	volume = 10,
	pages = {57-63},
}

@article{Luhandjula87,
	author = {M.K. Luhandjula},
	year = 1987,
	title = {Linear Programming with a Possibilistic Objective Function},
	journal = {European Journal of Operational Research},
	volume = 31,
	pages = {110-117},
}

@article{Luhandjula89,
	author = {M.K. Luhandjula},
	year = 1989,
	title = {Fuzzy Optimization: An Appraisal},
	journal = {Fuzzy Sets and Systems},
	volume = 30,
	pages = {257-282},
}

@article{Luhandjula89a,
	author = {M.K. Luhandjula and H. Ichihashi and M. Inuiguchi},
	year = 1992,
	title = {Fuzzy and Semi-Infinite Mathematical Programming},
	journal = {Information Sciences},
	volume = 61,
	pages = {233-250},
}

@inproceedings{Maki89,
	author = {Yunosuke Maki and Yasuo Masuda and T. Sawada and T.
Matsumoto and Hiroshi Obata and N. Takashima},
	title = {Application of Fuzzy Theory for Automatic Control of Hot Stove
Combustion Gas Flow},
	booktitle = {Proceedings of the 6th IFAC Symposium on Automation in
Mining, Mineral and Metal Processing (IFAC MMM~1989)},
	year = 1989,
	pages = {278-284},
	address = {Buenos Aires, Argentina},
	month = {September, 4--8},
}

@article{Maki90,
	author = {Yunosuke Maki and Nobuhiro Takashima and Hiroshi Obata and
Osamu Iida and Kazuma Nakashima and Toshiro Sawada},
	title = {Application of Fuzzy Theory to Ironmaking Process Control},
	journal = {Kawasaki Steel Technical Report},
	year = 1990,
	volume = 22,
	number = 3,
	pages = {54-60},
	note = {In Japanese},
}

@article{Marsten77,
	author = {R.E. Marsten and T.L. Morin},
	year = 1977,
	title = {Parametric Integer Programming: The Right-Hand-Side Case},
	journal = {Annals of Discrete Math.},
	volume = 1,
	pages = {375-390},
}

@inproceedings{Martin92,
	author = {Roger Martin-Clouaire},
	title = {Dealing with soft constraints in a constraint
		satisfaction problem},
	booktitle  = {Proceedings of the 4th International Conference
		on Information Processing of Uncertainty in
		Knowledge-Based Systems}, 
	year = 1992,
	month = jul,
	address = {Palma de Mallorca, Spain},
	pages = {37-40},
}

@inproceedings{Martin93,
	author = {Roger Martin-Clouaire},
	title = {{CSP} techniques with fuzzy linear contraints: practical issues},
	booktitle  = {Proc. of the First European Congress on Fuzzy and
Intelligent Technologies (EUFIT)}, 
	year = 1993,
	month = sep,
	address = {Aachen, Germany},
}

@mastersthesis{Mathe87,
	author = {N. Math{\'e}},
	title = {Prise en compte de l'impr{\'e}cision des d{\'e}lais dans la
construction d'ordonnancements pr{\'e}visionnels}, 
	school = {Univ. P. Sabatier, DEA d'automatique, ENSAE, Toulouse},
	year = 1987,
	month = jun,
	note = {In French},
}

@techreport{Matyska93,
	author = {Lud{\v{e}}k Matyska},
	title = {Logic Programming with Fuzzy Sets},
	institution = {Dept. of Computer Science, City Univ., London, UK},
	year = 1993,
	number = {TCU/CS/1993/4},
	month = dec,
	note = {URL: ftp://ftp.cs.city.ac.uk/papers/93/cs93-4.ps.Z}, 
}

@article{McCahon92,
	author = {C. McCahon and E.S. Lee},
	year = 1992,
	title = {Fuzzy Job Sequencing for a flow shop},
	journal = {European Journal of Operational Research},
	volume = 62,
	pages = {294-301},
}

@inproceedings{Mizunuma93,
	author = {Hiroto Mizunuma et al.},
	title = {Solution Using Genetic Algorithm for Fuzzy Mixed Integer Programming Problems},
	booktitle = {Proceedings of the 9th Fuzzy System
Symposium},
	year = 1993,
	address = {Sapporo Japan},
	month = may,
	note = {In Japanese},
}

@article{Mohandas90,
	author = {S.V. Mohandas and T.A. Phelps and K.M. Ragsdell},
	year = 1990,
	title = {Structural Optimization Using a Fuzzy Goal Programming Approach},
	journal = {Computers \& Structures},
	volume = 37,
	number = 1, 
	pages = {1-8},
}

@article{Myung92,
	author = {Myung Geun Chun and Zeung Nam Bien},
	title = {A model with an inference engine for a fuzzy production
system using fuzzy {P}etri nets},
	journal = {Journal of the Korean Institute of Telematics and
Electronics},
	year = {1992},
	volume = {29B},
	number = {7},
	pages = {508--519},
	month = jul,
	note = {In Korean},
}

@article{Nagai89,
	author = {N. Nagai et al.},
	title = {Application of Expert Systems to
Forecasting Heat Level at {K}obe No.~3 Blast Furnace},
	journal = {CAMP-ISIJ},
	year = 1989,
	volume = 2,
	pages = {10-13},
	note = {In Japanese},
}

@inproceedings{Nakahara93,
	author = {Yozo Nakahara et al.},
	title = {New Ranking Trapezoidal Fuzzy Numbers and Its Application to Linear Programming
Problems},
	booktitle = {Proceedings of the 9th Fuzzy System
Symposium},
	year = 1993,
	address = {Sapporo Japan},
	month = may,
	note = {In Japanese},
}

@article{Nakamura84,
	author = {K. Nakamura},
	year = 1984,
	title = {Some Extension of Fuzzy Linear Programming},
	journal = {Fuzzy Sets and Systems},
	volume = 14,
	pages = {211-229},
}

@inproceedings{Nakamura93,
	author = {Setsuko Nakamura et al.},
	title = {Several Definitions of Fuzzy Inequality and their Applications to Linear
Programming},
	booktitle = {Proceedings of the 9th Fuzzy System
Symposium},
	year = 1993,
	address = {Sapporo Japan},
	month = may,
	note = {In Japanese},
}

@article{Narasimhan80,
	author = {R. Narasimhan},
	year = 1980,
	title = {Goal Programming in a Fuzzy Environment},
	journal = {Decision Sci.},
	volume = 11,
	pages = {325-336},
}

@article{Narsimhan81,
	author = {R. Narsimhan},
	year = 1981,
	title = {On Fuzzy Goal Programming -- Some Comments},
	journal = {Decision Sci.},
	volume = 12,
	pages = {532-538},
}

@article{Narsimha92,
	author = {V. Narsimha and R.N. Tiwari and K.S. Sastri},
	year = 1992,
	title = {Solution of Optimal Control Problems with Lumped Parameters Having Single or Multiple Goal Objectives in Fuzzy Environment},
	journal = {Fuzzy Sets and Systems},
	volume = 48,
	pages = {173-184},
}

@article{Narsimha93,
	author = {V. Narsimha and R.N. Tiwari and K.S. Sastri},
	year = 1993,
	title = {Dynamic Programming Approach to Multiple Objective Control Problem Having Deterministic or Fuzzy Goal},
	journal = {Fuzzy Sets and Systems},
	volume = 57,
	pages = {195-202},
}

@book{Nauss79,
	author = {R.M. Nauss},
	year = 1979,
	title = {Parametric Integer Programming},
	publisher = {University of Missouri Press},
}

@article{Negoita76,
	author = {C.V. Negoita and M. Sularia},
	year = 1976,
	title = {On Fuzzy Programming and Tolerances in Planning},
	journal = {Econom. Comp. Econom. Cybernet. Stud. Res.},
	volume = 1,
	pages = {3-15},
}

@incollection{Negoita77,
	author = {C.V. Negoita and P. Flondor and M. Sularia},
	year = 1977,
	title = {On Fuzzy Environment in Optimization Problems},
	booktitle = {Modern Trends in Cybernetic and Systems},
	editor = {J. Rose and C. Bilciu},
	publisher = {Springer-Verlag},
}

@article{Negoita77a,
	author = {C.V. Negoita and D. Ralescu},
	year = 1977,
	title = {On Fuzzy Optimization},
	journal = {Kybernetes},
	volume = 6,
	pages = {193-195},
}

@article{Negoita81,
	author = {C.V. Negoita},
	year = 1981,
	title = {The Current Insterest in Fuzzy Optimization},
	journal = {Fuzzy Sets and Systems},
	volume = 6,
	pages = {261-269},
}

@article{Nishizaki92,
	author = {I. Nishizaki and M. Sakcuva},
	year = 1992,
	title = {Two-Person Zero-Sum Games with Multiple Fuzzy Goals},
	journal = {Japanese Journal of Fuzzy Theory and Systems},
	volume = 4,
	number = 3,
	pages = {289-300},
}

@inproceedings{Nomoto93,
	author = {Kohei Nomoto et al.},
	title = {Terrain Avoidance Flight Path Planning based on
Learning Fuzzy Reasoning}, 
	booktitle = {Proceedings of the 9th Fuzzy System
Symposium},
	year = 1993,
	address = {Sapporo Japan},
	month = may,
	note = {In Japanese},
}

@article{Obata90,
	author = {Hiroshi Obata and Makoto Nomura and Yunosuke Maki and Yuu
Kobayashi and Yoshiaki Itoh},
	title = {Development of Blast Furnace Heat Control
System using Neural Network and Fuzzy Inference},
	journal = {CAMP-ISIJ},
	year = 1990,
	volume = 9,
	note = {In Japanese},
}

@inproceedings{Odanaka93,
	author = {Tosio Odanaka et al.},
	title = {On a Fuzzy Stochastic Dynamic Programming},
	booktitle = {Proceedings of the 9th Fuzzy System
Symposium},
	year = 1993,
	address = {Sapporo Japan},
	month = may,
	note = {In Japanese},
}

@article{OhEigeartaigh82,
	author = {M. Oh'Eigeartaigh},
	year = 1982,
	title = {A Fuzzy Transportation Algorithm},
	journal = {Fuzzy Sets and Systems},
	volume = 8,
	pages = {235-245},
}

@inproceedings{Okada93,
	author = {Shinkoh Okada et al.},
	title = {Order Relation between Intervals and its Application
to Shortest Path Problem}, 
	booktitle = {Proceedings of the 9th Fuzzy System
Symposium},
	year = 1993,
	address = {Sapporo Japan},
	month = may,
	note = {In Japanese},
}

@inproceedings{Oley91,
	author = {V. Oley and J. Strelec and J. Chmurny},
	title = {Analysis of deterministic, stochastic and fuzzy discrete
systems by generalized {P}etri net},
	booktitle = {Fuzzy Engineering Toward Human Friendly Systems},
	year = {1991},
	publisher = {IOS Press},
	pages = {230-238},
	address = {Amsterdam, Netherlands},
	editor = {T. Terano and M. Sugeno and M. Mukaidono and K. Shigemasu}, 
}

@article{Ostermark89,
	author = {R. Ostermark},
	year = 1989,
	title = {Fuzzy Linear Constraints in the Capital Asset Pricing Model},
	journal = {Fuzzy Sets and Systems},
	volume = 30,
	pages = {93-102},
}

@article{Orlovski77,
	author = {S.A. Orlovski},
	year = 1977,
	title = {On Programming with Fuzzy Constraint Sets},
	journal = {Kybernetes},
	volume = 6,
	pages = {197-201},
}

@article{Orlovski84,
	author = {S.A. Orlovski},
	year = 1984,
	title = {Multiobjective Programming Problems with Fuzzy Parameters},
	journal = {Control and Cybernetics},
	volume = 4,
	pages = {175-184},
}

@article{Ostasiewicz82,
	author = {W. Ostasiewicz},
	year = 1982,
	title = {A New Approach to Fuzzy Programming},
	journal = {Fuzzy Sets and Systems},
	volume = 7,
	pages = {139-152},
}

@incollection{Owsinski87,
	author = {J.W. Owsinski and S. Zadrozny and J. Kacprzyk},
	year = 1987,
	title = {Analysis of Water use and Needs in Agricultural through a Fuzzy Programming Model},
	editor = {J. Kacprzyk and S.A. Orlovski},
	booktitle = {Optimization Models using Fuzzy Sets and Possibility Theory},
	publisher = {D. Reidel Publishing Co.},
	pages = {377-395},
}

@article{Pickens91,
	author = {J.B. Pickens},
	year = 1991,
	title = {Fuzzy Goal Programming in Forestry: An Application with Special Solution Problems},
	journal = {Fuzzy Sets and Systems},
	volume = 39,
	pages = {239-246},
}

@article{Prade79,
	author = {Henri Prade},
	title = {Using Fuzzy Set Theory in a Scheduling Problem: A
		Case Study},
	journal = {Fuzzy Sets and Systems},
	year = 1979,
	volume = 2,
	number = 2,
	pages = {153-165},
} 

@incollection{Prade80,
	author = {Henri M. Prade},
	year = 1980,
	title = {Operations Research with Fuzzy Data},
	booktitle = {Fuzzy Sets. Theory and Applications to Policy Analysis and Information Systems},
	editor = {P.P. Wang and S.K. Chang},
	publisher = {Plenum Press},
	pages = {155-169},
}

@inproceedings{Prosser92,
	author = {Patrick Prosser},
	title = {Scheduling as a Constraint Satisfaction Problem:
Theory and Practice},
	booktitle  = {Scheduling of Production Processes (ECAI'92
Workshop)},
	publisher = {ECCAI},
	year = 1992,
	month = aug,
	pages = {7-15},
}

@phdthesis{Rabetge90,
	author = {Christian Rabetge},
	title = {{Fuzzy Sets in der Netzplantechnik}},
	school = {G{\"o}ttingen},
	year = 1990,
	note = {Also appeared as a book from Dt. Univ.-Verl.,
Wiesbaden, 1991},
}

@article{Ramik93,
	author = {J. Ramik and H. Rommelfanger},
	year = 1993,
	title = {A Single- and a Multi-Valued Order on Fuzzy Numbers and its Use in Linear Programming with Fuzzy Coefficients},
	journal = {Fuzzy Sets and Systems},
	volume = 57, 
	pages = {203-208},
}

@article{Rao88,
	author = {J.R. Rao and R.N. Tiwari and B.K. Mohanty},
	year = 1988,
	title = {A Preference Structure on Aspiration Levels in a Goal Programming Problem -- A Fuzzy Approach},
	journal = {Fuzzy Sets and Systems},
	volume = 25,
	pages = {175-182},
}

@article{Rao90,
	author = {J.R. Rao and K. Saraswati},
	year = 1990,
	title = {Comments on: Facility Location Problem on a Network under Multiple Criteria-Fuzzy Set Theoretic Approach},
	journal = {Int. J. of Systems Sci.},
	volume = 21,
	number = 11,
	pages = {2387-2391},
}

@inproceedings{Rodder77,
	author = {W. Rodder and H.J. Zimmermann},
	year = 1977,
	title = {Duality in Fuzzy Programming},
	booktitle = {Int. Symp. on Extremal Methods and Systems Analysis},
	address = {University of Texas, Austin, TX},
}

@incollection{Rodder80,
	author = {W. Rodder and H.J. Zimmermann},
	year = 1980,
	title = {Duality in Fuzzy Linear Programming},
	booktitle = {Extremal Methods and Systems Analyses},
	editor = {A.V. Fiacco and K.O. Kortanek},
	publisher = {Springer Verlag Berlin, Heidelberg, New York.},
	pages = {415-429},
}

@inproceedings{Rommelfanger85,
	author = {H. Rommelfanger and R. Hanuscheck and J. Wolf},
	year = 1985,
	title = {Linear Programming with Fuzzy Objective Functions},
	booktitle = {Proc. of the I IFSA Congress},
	address = {Palma (Spain)},
}

@article{Rommelfanger89,
	author = {M. Rommelfanger},
	year = 1989,
	title = {Interactive Decision Making in Fuzzy Linear Optimization Problems},
	journal = {European Journal of Operational Research},
	volume = 41,
	pages = {210-217},
}

@article{Rommelfanger89a,
	author = {M. Rommelfanger and R. Hanuscheck and J. Wolf},
	year = 1989,
	title = {Linear Programming with Fuzzy Objectives},
	journal = {Fuzzy Sets and Systems},
	volume = 29,
	pages = {31-48},
}

@incollection{Rommelfanger90,
	author = {H. Rommelfanger},
	year = 1990,
	title = {{FULPAL}: An interactive method for solving
(multiobjective) fuzzy linear programming problems},
	chapter = 5,
	booktitle = {Stochastic versus Fuzzy Approaches to
Multiobjective Mathematical Programming under Uncertainty},
	editor = {R. S{\l}owi{\'n}ski and J. {Teghem Jr.}},
	publisher = {Kluwer Academic Publishers, Dordrecht},
	pages = {279-299},
}

@incollection{Roubens90,
	author = {M. Roubens},
	year = 1990,
	title = {Inequality constraints between fuzzy numbers and
their use in mathematical programming},
	chapter = 7,
	booktitle = {Stochastic versus Fuzzy Approaches to
Multiobjective Mathematical Programming under Uncertainty},
	editor = {R. S{\l}owi{\'n}ski and J. {Teghem Jr.}},
	publisher = {Kluwer Academic Publishers, Dordrecht},
	pages = {321-330},
}

@article{Roubens91,
	author = {Marc Roubens and Jacques {Teghem Jr.}},
	year = 1991,
	title = {Comparison of methodologies for fuzzy and stochastic multi-objective programming},
	journal = {Fuzzy Sets and Systems},
	volume = 42,
	pages = {119-132},
}

@article{Rubin84,
	author = {P.A. Rubin and R. Narasimhan},
	year = 1984,
	title = {Fuzzy Goal Programming with Nested Priorities},
	journal = {Fuzzy Sets and Systems},
	volume = 14,
	pages = {115-129},
}

@book{Saaty80,
	author = {T. L. Saaty},
	title = {The Analytic Hierarchy Process},
	year = 1980,
	publisher = {McGraw-Hill},
}

@article{Sakawa88,
	author = {M. Sakawa and H. Yano},
	year = 1988,
	title = {An Interactive Fuzzy Satisficing Method for Multiobjective Linear Fractional Programming Problems},
	journal = {Fuzzy Sets and Systems},
	volume = 28,
	pages = {129-144},
}

@article{Sakawa89,
	author = {M. Sakawa},
	year = 1989,
	title = {Interactive Decision Making for Multiobjective Nonlinear Programming Problens with Fuzzy Parameters},
	journal = {Fuzzy Sets and Systems},
	volume = 29,
	pages = {315-326},
}

@article{Sakawa89a,
	author = {M. Sakawa and H. Yano},
	year = 1989,
	title = {An Interactive Fuzzy Satisficing Method for Multiobjective Nonlinear Programming Problems with Fuzzy Parameters},
	journal = {Fuzzy Sets and Systems},
	volume = 30,
	pages = {221-238},
}

@article{Sakawa90,
	author = {M. Sakawa and H. Yano},
	year = 1990,
	title = {An Interactive Fuzzy Satisficing Multiobjective Linear Programming Problems with Fuzzy Parameters},
	journal = {Fuzzy Sets and Systems},
	volume = 35,
	pages = {125-142},
}

@article{Sakawa90a,
	author = {M. Sakawa and H. Yano and J. Takahashi},
	year = 1990,
	title = {Interactive Decision Making for Multiobjective Linear Programming Problems with Fuzzy Parameters Based on Solution Concept Incorporating Fuzzy Goals},
	journal = {Journal of Japan Society for Fuzzy Theory and Systems},
	volume = 2,
	number = {4, 5},
	pages = {66-577},
}

@article{Sakawa91a,
	author = {M. Sakawa and H. Yano},
	year = 1991,
	title = {Feasibility and {P}areto Optimality for Multiobjective Nonlinear Programming Problems with Fuzzy Parameters},
	journal = {Fuzzy Sets and Systems},
	volume = 43,
	pages = {1-15},
}

@article{Sakawa91b,
	author = {M. Sakawa and H. Yano},
	year = 1991,
	title = {Interactive Decision Making for Multiobjective Linear Fractional Programming Problems with Fuzzy Parameters Based on Solution Concepts Incorporating Fuzzy Goals},
	journal = {Japanese Journal of Fuzzy Theory and Systems},
	volume = 3,
	number = 1,
	pages = {45-62},
}

@article{Sakawa91c,
	author = {M. Sakawa and H. Yano},
	year = 1991,
	title = {New Solution Concepts for Multi-objective Nonlinear Programming Problems with Fuzzy Coefficients Taking Account of Fuzzy Goals},
	journal = {Japanese Journal of Fuzzy Theory and Systems},
	volume = 3,
	number = 2,
	pages = {133-148},
}

@article{Sakawa92,
	author = {M. Sakawa and H. Yano and J. Takahashi},
	year = 1992,
	title = {Pareto Optimality for Multiobjective Linear Fractional Programming Problems with Fuzzy Parameters},
	journal = {Information Sciences},
	volume = 63,
	pages = {33-53},
}

@book{Sakawa93,
	author = {M. Sakawa},
	year = 1993,
	title = {Fuzzy Sets and Interactive Multiobjective Optimization},
	series = {Applied Information Technology},
	publisher = {Plenum Press},
}

@inproceedings{Sakawa93a,
	author = {M. Sakawa et al.},
	title = {Hot Parts Operating Schedule by Genetic Algorithms and Fuzzy Modeling},
	booktitle = {Proceedings of the 9th Fuzzy System
Symposium},
	year = 1993,
	address = {Sapporo Japan},
	month = may,
	note = {In Japanese},
}

@inproceedings{Sakawa93b,
	author = {Masatoshi Sakawa et al.},
	title = {Fuzzy Programming for Large-Scale Multiobjective
Linear Programming with Block Angular Structure},
	booktitle = {Proceedings of the 9th Fuzzy System
Symposium},
	year = 1993,
	address = {Sapporo Japan},
	month = may,
	note = {In Japanese},
}

@article{Sasaki90,
	author = {M. Sasaki and M. Gen and K. Lda},
	year = 1990,
	title = {Interactive Sequential Fuzzy Goal Programming},
	journal = {Computers and Industrial Engineering},
	volume = 19,
	pages = {567-571},
}

@inproceedings{Satoh90,
	author = {Ken Satoh},
	title = {Formalizing Soft Constraints by Interpretion Ordering},
	booktitle = {Proceedings of the 9th European Conference on
Artificial Intelligence (ECAI 90)},
	year = 1990,
	pages = {585-590},
}

@inproceedings{Schiex92,
	address = {Stanford, CA},  
	author = {Thomas Schiex},  
	booktitle = {8$^{th}$ International Conference on Uncertainty in Artificial Intelligence},  
	month =  jul,  
	title = {Possibilistic Constraint Satisfaction Problems or ``{H}ow to handle soft constraints~?''},  
	year = 1992,
	pages = {268-275},
}

@inproceedings{Schmidt93,
	author = {G{\"u}nter Schmidt},  
	title = {How to apply fuzzy logic to reactive production scheduling},  
	booktitle = {Preprints of the IFIP TC 5 / WG5.7 Int. Workshop
on Knowledge Based Reactive Scheduling},
	year = 1993,
	month = oct,
	editor = {Roger M. Kerr and Elizabeth Szelke},
	address = {Athens, Greece},
	pages = {56-66},
}

@inproceedings{Schott84,
	author = {Brian Schott and Thomas Whalen},  
	title = {Symbolic structures, duality, and fuzzy 
mathematics in scheduling decision support},  
	booktitle = {Proceedings of the '84 
IEEE Int'l Conference on Systems, Man, \& Cybernetics},  
	year = 1984,
	pages = {73-77},
}

@article{Shafai90,
	author = {B. Shafai and G. Sotirov},
	year = 1990,
	title = {Uniqueness of Solution in FLP under Parameter Perturbations},
	journal = {Fuzzy Sets and Systems},
	volume = 34,
	pages = {179-186},
}

@inproceedings{Shibata93,
	author = {Takanori Shibata et al.},
	title = {Robotic Motion Planning by Genetic Algorithm with Fuzzy Critic},
	booktitle = {Proceedings of the 9th Fuzzy System
Symposium},
	year = 1993,
	address = {Sapporo Japan},
	month = may,
	note = {In Japanese},
}

@inproceedings{Slany92b,
	author = {Wolfgang Slany and Christian Stary and J{\"u}rgen Dorn},
	title = {Uncertainty Management in Production Scheduling applied
		 to High-Grade Steelmaking},
	booktitle = {6. Workshop Planen und Konfigurieren},
	address = {Erlangen M{\"u}nchen Passau},
	publisher = {Bayrisches Forschungszentrum f{\"u}r Wissensbasierte
		 Systeme},
	pages = {51-60},
	series = {FORWISS-Report},
	month = mar,
	year = 1992,
}

@inproceedings{Slany92c,
	author = {Wolfgang Slany and Christian Stary and J{\"u}rgen Dorn},
	title = {Vague Data Management in Production Process Scheduling Applied
		 to High-Grade Steelmaking},
	booktitle = {Proceedings of the First International Conference
		on Artificial Intelligence Planning Systems},
	address = {University of Maryland},
	publisher = {Morgan Kaufmann Publishers, Inc.},
	pages = {214-221},
	month = jun,
	year = 1992,
}

@inproceedings{Slany93b,
	author = {Wolfgang Slany},
	title = {Fuzzy Expert System for Maintenance Interval Prediction},
	booktitle = {European Symposium on Computer Aided Process 
Engineering-3. ESCAPE-3, 25th European Symposium of the Working Party
on Computer Aided Process Engineering, 494th Event of the European
Federation of Chemical Engineering (EFChE)},
	editor = {Franz Moser and Hans Schnitzer and Hansj{\"o}rg Bart}, 
	address = {Graz, Austria},
	publisher = {Pergamon Press Ltd},
	pages = {S155-S159},
	series = {Supplement to Computers \& Chemical Engineering},
	month = jul,
	year = 1993,
}

@inproceedings{Slany93c,
	author = {Wolfgang Slany},
	title = {Fuzzy Constraint Relaxation Techniques for
Knowledge-Based Scheduling},
	booktitle = {EUFIT'93, First European Congress on Fuzzy and
Intelligent Technologies},
	editor = {Hans-J{\"u}rgen Zimmermann}, 
	address = {Aachen, Germany},
	publisher = {Augustinus Buchhandlung},
	pages = {1124-1127},
	month = sep,
	year = 1993,
	note = {URL: ftp://mira.dbai.tuwien.ac.at/pub/slany/eufit93.ps.Z}, 
}

@inproceedings{Slany93d,
	author = {Wolfgang Slany},
	title = {Fuzzy Expert System to Predict Maintenance Intervals
in a Continuous Caster},
	booktitle = {Preprints of the international conference CPC-93,
Computerized Production Control in Steel Plants},
	publisher = {The Korean Institute of Metals and Materials, The
Institute of Materials, UK.}, 
	address = {Seoul, Korea},
	editor = {Duk-Hyon Baik},
	pages = {291-296},
	month = nov,
	year = 1993,
	note = {URL: ftp://mira.dbai.tuwien.ac.at/pub/slany/fespmicc.ps.Z},
}

@inproceedings{Slany93e,
	author = {Wolfgang Slany},
	title = {Fuzzy Constraint Relaxation Techniques for
Knowledge-Based Scheduling},
	booktitle = {Workshop Notes of the Workshop on Fuzzy
Scheduling Systems},
	editor = {Roger Kerr}, 
	address = {Linz, Austria},
	publisher = {University of Linz, Department of Mathematics},
	month = jun,
	year = 1993,
}

@techreport{Slany94a,
	author = {Wolfgang Slany},
	title = {Scheduling as a Fuzzy Multiple Criteria Optimization Problem},
	institution = {Christian Doppler Laboratory for Expert
Systems, Technical University of Vienna},
	year = 1994,
	type = {CD-TR},
	number = {94/62},
	note = {URL: ftp://mira.dbai.tuwien.ac.at/pub/slany/cd-tr9462.ps.Z}, 
}

@article{Slowinski86,
	author = {Roman S{\l}owi{\'n}ski},
	year = 1986,
	title = {A multicriteria fuzzy linear programming method for
water supply system development planning},
	journal = {Fuzzy Sets and Systems},
	volume = 19,
	pages = {217-237},
}

@article{Slowinski88,
	year = 1988,
	title = {Fuzzy versus Stochastic Approaches to
Multicriteria Linear Programming under Uncertainty},
	author = {R. S{\l}owi{\'n}ski and J. {Teghem Jr.}},
	journal = {Naval Research Logistics},
	volume = 35,
	pages = {673-695},
}

@book{Slowinski90,
	year = 1990,
	title = {Stochastic versus Fuzzy Approaches to
Multiobjective Mathematical Programming under Uncertainty},
	editor = {R. S{\l}owi{\'n}ski and J. {Teghem Jr.}},
	publisher = {Kluwer Academic Publishers, Dordrecht},
}

@incollection{Slowinski90a,
	author = {R. S{\l}owi{\'n}ski},
	year = 1990,
	title = {{FLIP}: An interactive method for multiobjective
linear programming with fuzzy coefficients},
	chapter = 3,
	booktitle = {Stochastic versus Fuzzy Approaches to
Multiobjective Mathematical Programming under Uncertainty},
	editor = {R. S{\l}owi{\'n}ski and J. {Teghem Jr.}},
	publisher = {Kluwer Academic Publishers, Dordrecht},
	pages = {249-262},
}

@techreport{Smith91,
	author = {Stephen F. Smith},
	title = {Knowledge-based production management: approaches, results
and prospects},
	number = {CMU-RI-TR-91-21},
	institution = {Carnegie-Mellon Univ. Robotics Institute},
	year = 1991,
	pages = {37 pages},
	month = dec,
	note = {One section is about fuzzy scheduling},
}

@inproceedings{Smith93,
	author = {D. G. Smith and E. Poulard},
	title = {Fuzzy Logic in Vehicular Routing},
	booktitle = {Workshop Notes of the Workshop on Fuzzy
Scheduling Systems},
	editor = {Roger Kerr}, 
	address = {Linz, Austria},
	publisher = {University of Linz, Department of Mathematics},
	month = jun,
	year = 1993,
}

@inproceedings{Snow90,
	author = {Paul Snow and Eugene C. Freuder},
	title = {Improved Relaxation and Search Methods for
		  Approximate Constraint Satisfaction with a Maximin Criterion},
	editor = {Peter F. Patel-Schneider},
	pages = {227-230},
	booktitle = {Proc. of the 8$^{th}$ biennal conference of the
		  Canadian society for computational studies of intelligence},
	year = 1990,
	address = {Ottawa, Ontario, Canada},
	month = may,
}

@article{Sommer78,
	author = {G. Sommer and M.A. Pollatschek},
	year = 1978,
	title = {A Fuzzy Programming Approach to an Air Pollution Regulation Problem},
	journal = {European Journal of Operational Research},
	volume = 10,
	pages = {303-313},
}

@inproceedings{Srinivasan93,
	author = {P. Srinivasan and D. Gracanin},
	title = {Approximate Reasoning with Fuzzy {P}etri Nets},
	booktitle = {Second IEEE International Conference on Fuzzy Systems,
San Francisco, California, 28.3.--1.4.1993},
	year = {1993},
	organization = {IEEE},
}

@article{Steuer81,
	author = {R.E. Steuer},
	year = 1981,
	title = {Algorithms for Linear Programming Problems with Interval Objective Function Coefficients},
	journal = {Mathematics of Operations Research},
	volume = 6,
	number = 3,
	pages = {333-348},
}

@article{Takeda80,
	author = {E. Takeda and N.T. Nishida},
	year = 1980,
	title = {Multiple Criteria Decision Making with Fuzzy Domination Structures},
	journal = {Fuzzy Sets and Systems},
	volume = 3,
	pages = {123-136},
}

@article{Tanaka84,
	author = {H. Tanaka and K. Asai},
	year = 1984,
	title = {Fuzzy Linear Programming Problems with Fuzzy Numbers},
	journal = {Fuzzy Sets and Systems},
	volume = 13,
	pages = {1-10},
}

@article{Tanaka84a,
	author = {H. Tanaka and H. Ichihashi and K. Asai},
	year = 1984,
	title = {A Formulation of Fuzzy Linear Programming Problems based on Comparison of Fuzzy Numbers},
	journal = {Control and Cybernetics},
	volume = 13,
	pages = {185-194},
}

@article{Tanaka74,
	author = {H. Tanaka and T. Okuda and K. Asai},
	year = 1974,
	title = {On Fuzzy Mathematical Programming},
	journal = {Journal of Cybernetics},
	volume = 3,
	pages = {37-46},
}

@article{Taniyoshi90,
	author = {Shuichi Taniyoshi and Tsunehiro Kaneda and Teruo Tamura and
Daisuke Onada and Yasuhiro Miyazaki and Tsuyoshi Ikeda},
	title = {Computer Control System for Ore Yard Operation at {M}izushima Works},
	journal = {Kawasaki Steel Giho},
	year = 1990,
	volume = 22,
	number = 1,
	pages = {6-11},
	note = {In Japanese. At Mizushima Works, ore
yard control systems of electric equipment were renewed. This was the 
second step of iron making department information system. New belt
conveyor control for energy saving and staking control for quality
improvement have been applied. Control technologies such as knowledge
engineering, fuzzy control, and self-tuning control have been applied.
The systems have been achieving great effects difficult to obtain by 
conventional ways, and are working with no problem at all since April
1987.},
}

@article{Tapia91,
	author = {C.G. Tapia and B.A. Murtagh},
	year = 1991,
	title = {Interactive Fuzzy Programming with Preference Criteria in Multiobjective Decision-Making},
	journal = {Computers and Operational Research},
	volume = 18,
	pages = {307-316},
}

@article{Tapia92,
	author = {C. Tapia and B.A. Murtayes},
	year = 1992,
	title = {Interactive Group Decision-Making Using Fuzzy Programming with Preference Criteria},
	journal = {Fuzzy Sets and Systems},
	volume = 45,
	pages = {13-23},
}

@inproceedings{Tokumaru93,
	author = {Akihiko Tokumaru et al.},
	title = {Heuristic Approach to Multi-objective Decision Making Problems in Fuzzy
Environment},
	booktitle = {Proceedings of the 9th Fuzzy System
Symposium},
	year = 1993,
	address = {Sapporo Japan},
	month = may,
	note = {In Japanese},
}

@inproceedings{Tominaga90,
	author = {Yuusaku Tominaga and Ryoichi Kouda},
	title = {Delphi Approach
using Fuzzy Sets Reasoning to Assist Rock Identification},
	booktitle = {Proceedings of ISME-AI'90},
	year = 1990,
	pages = {97, 202-206},
	month = oct,
	organization = {Branch of Exploration Engineering (BEE), Mining and
Materials Processing Institute of Japan (MMIJ)},
}

@article{Tsujimura93,
	author = {Y. Tsujimura and S.H. Park and I.S. Chang and M.
Gen},
	title = {An effective method for solving flow shop scheduling
problems with fuzzy processing times},
	journal = {Computers and Industrial Engineering},
	volume = 25,
	number = {1-4},
	year = 1993,
	pages = {239-242},
}

@inproceedings{Turksen85,
	author = {I. B. T{\"u}rksen},
	title = {Fuzzy sets and their application in production research},
	year = 1985,
	booktitle = {Proc. ICPR, Toward the Factory of the Future},
	editor = {H.J. Bullinger and H.J. Warnecke},
	pages = {649-656},
}

@article{Turksen88,
	author = {I. B. T{\"u}rksen},
	title = {Approximate reasoning for production planning},
	journal = {Fuzzy Sets and Systems},
	year = 1988,
	volume = 26,
	pages = {1-15},
}

@inproceedings{Turksen90,
	author = {I. B. T{\"u}rksen and D. Ulguray and Q. Wang},
	title = {A qualitative model for hierarchical job shop scheduling},
	year = 1990,
	booktitle = {NAFIPS'90: Quater Century of Fuzziness},
	address = {Toronto, Canada},
	month = jun,
}

@incollection{Turksen91a,
	author = {I. B. T{\"u}rksen},
	title = {Fuzzy Logic-Based Expert Systems for Operations
Management}, 
	editor = {C.Y. Suen and R. Shinghal},
	booktitle = {Operational Expert System Applications in
Canada},
	publisher = {Pergamon Press Ltd/Headington Hill Hall/Oxford OX3
0BW/United Kingdom},
	pages = {170-183},
	year = 1991,
}

@inproceedings{Turksen91b,
	author = {I. B. T{\"u}rksen and Y. Tian},
	title = {A Fuzzy Expert System for a Spare-Parts 
Service Centre}, 
	booktitle = {The World Congress on ES Proceedings},
	year = 1991,
	pages = {835-847},
}

@article{Turksen91c,
	author = {I. B. T{\"u}rksen and M. Berg},
	title = {An expert system prototype for inventory capacity
plannin: An approximate reasoning approach},
	journal = {Int. J. Approximate Reasoning},
	year = 1991,
	volume = 5,
	pages = {223-250},
}

@article{Turksen92,
	author = {I. B. T{\"u}rksen and D. Ulguray and Q. Wang},
	title = {Hierarchical scheduling based on approximate
reasoning --- A comparison with {ISIS}},
	journal = {Fuzzy Sets and Systems},
	year = 1992,
	volume = 46,
	pages = {349-371},
}

@article{Turksen92a,
	author = {I. B. T{\"u}rksen},
	title = {Fuzzy expert systems for IE/OR/MS},
	journal = {Fuzzy Sets and Systems},
	year = 1992,
	volume = 51,
	pages = {1-27},
}

@inproceedings{Ueyama87,
	author = {K. Ueyama and K. Ezaki and S. Hirayama and T. Niidome},
	title = {Application of Fuzzy Model to Preset of Tandem Cold Mill},
	booktitle = {Preprints of the 2nd IFSA Congress (1987)},
	year = 1987,
	pages = {358-361},
	address = {Tokyo},
	month = jul,
}

@inproceedings{Valette89,
	author = {Robert Valette and J. Cardoso and Didier Dubois},
	title = {Monitoring Manufacturing Systems by means of {P}etri Nets with
Imprecise Markings},
	booktitle = {IEEE International Symposium on Intelligent Control
1989, 25-26 Sept., Albany N.Y., USA},
	year = 1989,
	pages = {233-238},
	note = {URL: ftp://laas.laas.fr/pub/robert/albany.tex},
}

@inproceedings{Valette92,
	author = {Robert Valette and M. Courvoisier},
	title = {Petri Nets and Artificial Intelligence},
	booktitle = {IEEE/SICE International Workshop an Emerging
Technologies for Factory Automation, Palm Cove, Cairns, North Queensland,
Australia, August 17-19 1992},
	year = 1992,
	pages = {218-238},
	note = {URL: ftp://laas.laas.fr/pub/robert/rp\_ia92.ps},
}

@incollection{Verdegay82,
	author = {J.L. Verdegay},
	year = 1982,
	title = {Fuzzy Mathematical Programming},
	booktitle = {Fuzzy Information and Decision Processes},
	editor = {M.M. Gupta and E. Sanchez},
	publisher = {North-Holland},
	pages = {231-237},
}

@article{Verdegay83a,
	author = {J.L. Verdegay},
	year = 1983,
	title = {Problemas de Transporte con Parametros Difusos},
	journal = {Rev. Acad. Ciencias Mat. Fis. Quim y Nat. de Granada},
	volume = 2,
	pages = {47-56},
	note = {In Spanish},
}

@article{Verdegay83b,
	author = {J.L. Verdegay},
	year = 1983,
	title = {Solving the Mathematical Programming Problem with a New Formulation of Fuzzy Objective},
	journal = {BUSEFAL},
	volume = 15,
	pages = {127-133},
}

@article{Verdegay83c,
	author = {J.L. Verdegay},
	year = 1983,
	title = {Problemas de Decision en Ambiente Difuso},
	journal = {Trabajos de Estadistica y de Investigacion Operativa},
	volume = 34,
	number = 3,
	pages = {68-78},
	note = {In Spanish},
}

@article{Verdegay83d,
	author = {J.L. Verdegay},
	year = 1983,
	title = {Duality in Fuzzy Linear Programming},
	journal = {BUSEFAL},
	volume = 16, 
	pages = {91-95},
}

@article{Verdegay84a,
	author = {J.L. Verdegay},
	year = 1984,
	title = {A Dual Approach to Solve the Fuzzy Linear Programming Problem},
	journal = {Fuzzy Sets and Systems},
	volume = 14,
	pages = {131-141},
}

@article{Verdegay84b,
	author = {J.L. Verdegay},
	year = 1984,
	title = {Applications of Fuzzy Optimization in Operational Research},
	journal = {Control and Cybernetics},
	volume = 13,
	number = 3,
	pages = {229-239},
}

@incollection{Verdegay87,
	author = {J.L. Verdegay},
	year = 1987,
	title = {Fuzzy Mathematical Programming Problem: Resolution},
	booktitle = {Systems and Control Encyclopedia. Theory, Technology, Applications},
	editor = {M.G. Singh},
	publisher = {Pergamon Press},
	pages = {1816-1819},
}

@book{Verdegay89,
	editor = {J.L. Verdegay and M. Delgado},
	year = 1989,
	title = {The Interface between Artificial Intelligence and Operations Research in Fuzzy Environment},
	publisher = {Verlag T{\"U}V Rheinland}, 
	series = {ISR Series no. 95},
}

@article{Wagner93,
	author = {Ina Wagner},
	title = {A Web of Fuzzy Problems: Confronting the Ethical Issues}, 
	journal = {Communications of the ACM},
	year = 1993,
	month = jun,
	pages = {94-101},
	note = {Analyses inter-human relations and problems related
to the task of scheduling rooms and persons having to do with
surgery in a large hospital.},
}

@article{Wang91,
	author = {P.Z. Wang},
	year = 1991,
	title = {Latticized Linear Programming and Fuzzy Relation Inequalities},
	journal = {J. Math. Anal. Appl.},
	volume = 159,
	number = 1,
	pages = {72-87},
}

@inproceedings{Watanabe90,
	author = {T. Watanabe},
	title = {Job-shop scheduling using fuzzy logic in a computer
integrated manufacturing environment}, 
	booktitle  = {Proceedings of the 5th International Conference
on System Research, Informatics and Cybernetics}, 
	address = {Baden-Baden, Germany},
	month = aug, 
	year = 1990,
	pages = {150-158},
}

@inproceedings{Watanabe92,
	author = {Tohru Watanabe and Hidekatsu Tokumare and Yusuke
		Nakajima and Yasunori Hashimoto},
	title = {Job-Shop Scheduling using Fuzzy Inference to take
		Profit into Account}, 
	booktitle  = {Proceedings of the JAPAN/USA Symposium on
		Flexible Automation (A Pacific Rim
		Conference)}, 
	editor = {Ming Leu},
	volume = 1,
	address = {San Francisco, California},
	month = jul, 
	year = 1992,
	pages = {423-427},
}

@article{Werners87,
	author = {B. Werners},
	title = {Interactive Multiple Objective Programming Subject to
Flexible Constraints},
	journal = {European Journal of Operational Research},
	volume = 31,
	year = 1987,
	pages = {324-349},
}

@incollection{Whalen87,
	author = {Thomas Whalen and Brian Schott},  
	title = {Interactive task assignment with 
composite fuzzy preference relations: An application to faculty 
scheduling},  
	booktitle = {Analysis of Fuzzy Information: 
Artificial Intelligence and Decision Systems},
	editor = {James C. Bezdek},
	publisher = {CRC Press, Inc., Boca Raton, FL (USA)},
	volume = {II},  
	year = 1987,
	pages = {131-144},
}

@article{Wiedey78,
	author = {G. Wiedey and H.J. Zimmermann},
	year = 1978,
	title = {Media Selection and Fuzzy Linear Programming},
	journal = {J. Op. Res. Soc.},
	volume = 29,
	pages = {1071-1084},
}

@article{Wilhelm91,
	author = {M. R. Wilhelm and H. R. Parsaei},
	journal = {Fuzzy Sets and Systems},
	title = {A fuzzy linguistic approach to implementing a
strategy for computer integrated manufacturing},
	volume = 42,
	year = 1991,
}

@article{Woodyatt92,
	author = {L. Richard Woodyatt and Kenneth L. Stott and Floyd
		E. Wolf and Francis J. Vasko},
	title = {Using Fuzzy Sets to Assign Metallurgical Grades to
		Steel}, 
	journal = {Journal of Metallurgy},
	year = 1992,
	month = feb,
	pages = {28-31},
}

@article{Woodyatt93,
	author = {L.R. Woodyatt and K.L. Stott and F.E. Wolt and F.J. Vasko},
	year = 1993,
	title = {An Application Combinig Set Covering and Fuzzy Sets to Optimally assign metallurgical Grades to Customer Orders},
	journal = {Fuzzy Sets and Systems},
	volume = 53,
	pages = {15-25},
}

@article{Yager81,
	author = {Ronald R. Yager},
	title = {A new methodology for ordinal multiobjective
decisions based on fuzzy sets},
	journal = {Decision Sciences},
	year = 1981,
	volume = 12,
	pages = {589-600},
}

@article{Yager88,
	author = {R.R. Yager},
	year = 1988,
	title = {A Mathematical Programming Approach to Inference with the Capability of Implementing Default Rules},
	journal = {Int. J. of Man-Machine Studies},
	volume = 29,
	pages = {685-714},
}

@article{Yager88a,
	author = {Ronald R. Yager},
	title = {On Ordered Weighted Averaging Aggregation Operators
in Multicriteria Decisionmaking},
	journal = {IEEE Transactions on Systems, Man, Cybernetics},
	volume = 18,
	year = 1988,
	pages = {183-190},
}

@article{Yamaguchi92,
	author = {T. Yamaguchi and Y. Kono},
	year = 1992,
	title = {Application of Fuzzy Multiobjective Linear Programming to Greenhouse Cultivation Planning},
	journal = {Japanese Journal of Fuzzy Theory and Systems},
	volume = 4,
	number = 6,
	pages = {701-708},
}

@article{Yamane89,
	author = {H. Yamane and H. Tottori and T. Yoshida},
	title = {Development of {BOF} Blowing Expert System},
	journal = {CAMP-ISIJ},
	year = 1989,
	volume = 2,
	pages = {218ff},
	note = {In Japanese. The authors present a system in which existing
mathematical models are complemented by expert systems and fuzzy
control incorporating empirical rules of skilled operators to improve
the accuracy of control.},
}

@article{Yang91,
	author = {Y. Yang},
	year = 1991,
	title = {A New approach to uncertain parameter linear programming},
	journal = {European Journal of Operational Research},
	volume = 54,
	pages = {95-114},
}

@article{Yang91a,
	author = {T. Yang and J.P. Ignizio and H-J. Kim},
	year = 1991,
	title = {Fuzzy Programming with Nonlinear Membership Functions: Piecewise Linear Approximation},
	journal = {Fuzzy Sets and Systems},
	volume = 41, 
	pages = {39-53},
}

@article{Yano89,
	author = {H. Yano and M. Sakawa},
	year = 1989,
	title = {Interactive Fuzzy Decision Making for Generalized Multiobjective Linear Fractional Programming Problems with Fuzzy Parameters},
	journal = {Fuzzy Sets and Systems},
	volume = 32,
	pages = {245-261},
}

@article{Yazenin87,
	author = {A.V. Yazenin},
	year = 1987,
	title = {Fuzzy and Stochastic Programming},
	journal = {Fuzzy Sets and Systems},
	volume = 22,
	pages = {171-180},
}

@incollection{Zadeh79,
	author = {L.A. Zadeh},
	year = 1979,
	title = {Calculus of Fuzzy Restrictions},
	booktitle = {Fuzzy Sets and their Applications to Cognitive and Decision Processes},
	editor = {L.A. Zadeh and K.S. Fu and K. Tanaka and M. Shimura},
	publisher = {Academic Press},
	pages = {1-40},
}

@inproceedings{Zimmermann74,
	author = {H.J. Zimmermann},
	year = 1974,
	title = {Optimization in Fuzzy Environment},
	booktitle = {Proceedings of the XXI Int. TIMS and 46th ORSA Conference},
	address = {San Juan (Puerto Rico)},
}

@article{Zimmermann75,
	author = {H.J. Zimmermann},
	year = 1975,
	title = {Description and Optimization of Fuzzy Systems},
	journal = {International Journal of General Systems},
	volume = 2, 
	pages = {209-215},
}

@article{Zimmermann78,
	author = {H.J. Zimmermann},
	year = 1978,
	title = {Fuzzy Programming and Linear Programming with Several Objective Functions},
	journal = {Fuzzy Sets and Systems},
	volume = 1,
	number = 1,  
	pages = {45-55},
	mynote = {pages 46-55?},
}

@incollection{Zimmermann84,
	author = {H.J. Zimmermann and M.A. Pollatschek},
	year = 1984,
	title = {Fuzzy 0-1 Linear Programs},
	booktitle = {Fuzzy Sets and Decision Analysis},
	editor = {H.J. Zimmermann and L.A. Zadeh and B.R. Gaines},
	publisher = {North-Holland},
	pages = {133-145},
}

@article{Zimmermann85,
	author = {H.J. Zimmermann},
	year = 1985,
	title = {Applications of Fuzzy Sets Theory to Mathematical Programming},
	journal = {Information Sciences},
	volume = 36,
	pages = {29-58},
}

@article{Zimmermann85a,
	author = {Hans{-}J{\"u}rgen Zimmermann},
	title = {Applications of Fuzzy Set Theory to Mathematical
Programming},
	journal = {Information Sciences},
	year = 1985,
	pages = {29-58},
	volume = 36,
}

@book{Zimmermann87,
	author = {H.J. Zimmermann},
	year = 1987,
	title = {Fuzzy Sets, Decision Making and Expert Systems},
	publisher = {Kluwer Academic Publishers},
}

@book{Zimmermann91,
	author = {Hans{-}J{\"u}rgen Zimmermann},
	title = {Fuzzy Set Theory  --- and Its Applications},
	year = 1991,
	publisher = {Kluwer Academic Publishers},
	edition = {2nd, revised},
}

@incollection{Zimmermann92,
	author = {Hans{-}J{\"u}rgen Zimmermann},
	title = {Fuzzy Mathematical Programming},
	booktitle = {Encyclopedia of Artificial Intelligence},
	publisher = {John Wiley \& Sons, Inc.},
	year = {1992},
	editor = {Stuart C. Shapiro},
	volume = 1,
	edition = {2nd enlarged and revised},
	pages = {521-528}, 
}

@incollection{Zimmermann92a,
	author = {Hans{-}J{\"u}rgen Zimmermann},
	title = {Approximate reasoning in manufacturing},
	booktitle = {Intelligent Design and Manufacturing},
	publisher = {John Wiley \& Sons, Inc.},
	year = {1992},
	editor = {A. Kusiak},
	pages = {701-722},
}

