%====================================================================== 
%
% BiBTeX data base 
%
% bibtexfile{
%  author    = "J C Gonzalez",
%  version   = "1.00",
%  date      = "April 1999",
%  filename  = "magic.bib",
%  address   = "Max-Planck-Institut fuer Physik
%               (Werner-Heisenberg-Institut),
%               Foehringer Ring 6, 
%               80805 Muenchen,
%               Deutschland,
%
%               and
%
%               Facultad de Ciencias Fisicas,
%               Universidad Complutense de Madrid,
%               Avda. Complutense s/n,
%               28040 Madrid, 
%               Espanya",
%  email     = "gonzalez at mppmu.mpg.de" }
%
%======================================================================

@Preamble{
{\hyphenation{Post-Script}}
}

@String{ MPI = {{Max-Planck-Institut f{\"{u}}r Physik
        (Werner-Heisenberg-Institut)}}}
@String{ MPI:adr = {{F{\"{o}}hringer Ring 6,
        80805 M{\"{u}}nchen, Deutschland}}}

@String{ Fak = {{Fakult{\"{a}}t f{\"{u}}r Physik}}}
@String{ Fak:adr = {{Technischen Universit{\"{a}}t M{\"{u}}nchen}}}

@String{ Fac = {{Facultad de Ciencias F{\'{\i}}sicas,
        Universidad Complutense de Madrid}}}
@String{ Fac:adr = {{Avda. Complutense s/n,
        28040 Madrid, Espa{\~{n}}a}}}

@String{ kruger   = {Proc. of the IV Workshop ``Towards a Major Atmospheric 
                     Cherenkov Detector'', Kr{\"u}ger Nat. Park}}
@String{ padova   = {Proc. of the V Workshop ``Towards a Major Atmospheric 
                     Cherenkov Detector'', Padova}}
@String{ snowbird = {Proc. of the VI Workshop ``Towards a Major Atmospheric 
                     Cherenkov Detector'', Snowbird}}

@String{ icrc95 = {Proc. XXIV International Cosmic-Rays 
                   Conference, Rome}}
@String{ icrc97 = {Proc. XXV International Cosmic-Rays 
                   Conference, Durban}}
@String{ icrc99 = {Proc. XXVI International Cosmic-Rays 
                   Conference, Salt-Lake City}}

@String{ icrc95ed = {M. Cresti}}
@String{ icrc97ed = {{O. C.} de Jager}}
@String{ icrc99ed = {D. Kieda and M. Salamon and B. Dingus}}

@String{ padovaed = {M. Cresti}}
@String{ krugered = {{O. C.} de Jager}}

@STRING{aa = "A.\,\&\,A."}
@STRING{app = "Astrop.\,Phys."}
@STRING{apj = "Ap.\,J."}
@STRING{jpg = "J.\,Phys.\,G"}
@STRING{mnras = "Mon.\,Not.\,R.\,Astron.\,Soc."}
@STRING{nima = "Nucl.\,Inst.\,\&\,Meth.\,A"}
@STRING{npb = "Nucl.\,Phys.\,B"}
@STRING{plb = "Phys.\,Lett.\,B"}
@STRING{prd = "Phys.\,Rev.\,D"}

@String{ avmunich = {{Available in MAGIC WWW Server (internal pages),
                      http://hegra1.mppmu.mpg.de:8000}}}

@String{ noidea = {{ \rule{2mm}{1mm} }}}


%======================================================================
 
%== MAGIC : Our Bibles ================================================

@Booklet{MAGIC:LoI,
  author =       {E. Lorenz and N. Magnussen and M. Martinez},
  title =        {The MAGIC Telescope for Gamma-Ray Astrophysics above 
                  10--30 GeV, A 17 m Diameter Imaging Air Cherenkov Telescope},
  howpublished = {The MAGIC Collaboration},
  month =        jul,
  year =         1998,
  note =         {Letter of Intent},
  annote =       {Contact persons: E. Lorenz, N. Magnussen, M. Martinez}
}

@TechReport{MAGIC:DR,
  author =       {J. A. Barrio and others},
  title =        {The MAGIC Telescope},
  institution =  {The MAGIC Collaboration},
  year =         1998,
  key =          {MPI-PhE/98-5},
  type =         {{Design study for the Construction of a 17 m Cherenkov 
                   Telescope for Gamma Astronomy above 10 GeV}},
  month =        mar
}

@PhdThesis{JCGonzalez:tesis,
  author = 	 {J. C. Gonzalez},
  title = 	 {{Simulation and Performance Studies
                   for Imaging Cherenkov Telescopes
                   using Monte Carlo Techniques}},
  school = 	 Fac,
  year = 	 2001,
  key =		 {~},
  address = 	 Fac:adr,
  month = 	 oct
}

%== MAGIC Kruger'97 ===================================================

@InProceedings{MAGIC:Barrio_Kruger,
  author =       {J. A. Barrio and others},
  title =        {Development of All-Aluminium Mirrors for Imaging Cherenkov 
                  Telescopes},
  booktitle =    kruger,
  pages =        {374--382},
  year =         1997,
  editor =       krugered,
  month =        aug
}

@InProceedings{MAGIC:Gonzalez_Kruger,
  author =       {J. C. Gonzalez and others},
  title =        {Monte-Carlo Studies for The MAGIC Telescope Project},
  booktitle =    kruger,
  pages =        {422--432},
  year =         1997,
  editor =       krugered,
  month =        aug
}

@InProceedings{MAGIC:Lorenz_Kruger,
  author =       {E. Lorenz},
  title =        {The MAGIC Telescope Project},
  booktitle =    kruger,
  pages =        {415--421},
  year =         1997,
  editor =       krugered,
  month =        aug
}

@InProceedings{MAGIC:Mirzoyan_Kruger,
  author =       {R. Mirzoyan},
  title =        {Constraints in Reducing the Threshold of Imaging 
                  Cherenkov Telescopes},
  booktitle =    kruger,
  pages =        {298--314},
  year =         1997,
  editor =       krugered,
  month =        aug
}

@InProceedings{MAGIC:Wacker_Kruger,
  author =       {A. Wacker and others},
  title =        {Test of an Active Mirror Control for Cherenkov Telescopes},
  booktitle =    kruger,
  pages =        {383--388},
  year =         1997,
  editor =       krugered,
  month =        aug
}

%== MAGIC Internal Reports ============================================

@TechReport{MAGIC:99_1,
  author =       {M. Dosil and M. Martinez},
  title =        {On the relevance of the light of the night sky (LONS) in
                  the photosensor choice for the next generation of 
                  Cherenkov telescopes},
  institution =  {IFAE, Barcelona},
  year =         1999,
  number =       {MAGIC 99-1},
  month =        feb,
  note =         avmunich
}

@TechReport{MAGIC:99_2,
  author =       {M. Martinez and A. Ostankov and E. Lorenz and R. Mirzoyan},
  title =        {Constraints in using APDs in Air-Cherenkov-Telescopes
                  for gamma-ray astronomy},
  institution =  {IFAE Barcelona and MPI Munich},
  year =         1999,
  number =       {MAGIC 99-2},
  month =        feb,
  note =         avmunich
}

@TechReport{MAGIC:99_3,
  author =       {E. Lorenz},
  title =        {Atmospheric Transmission Measurements for the MAGIC
                  Telescope Operation},
  institution =  {MPI Munich},
  year =         1999,
  number =       {MAGIC 99-3},
  month =        mar,
  note =         avmunich
}

%== MAGIC Papers, drafts, ... =========================================

@Unpublished{MAGIC:Ferenc1997,
  author =       {D. Ferenc and others},
  title =        {Draft paper on Solutions to the Ion Feedback problem for 
                  INTEVAC tubes},
  month =        sep,
  year =         1997,
  note =         {Internal collaboration report}
}

@Unpublished{MAGIC:Gonzalez1997,
  author =       {J. C. Gonzalez and others},
  title =        {Simulation of MAGIC Telescope},
  note =         {Draft chapter in MAGIC Technical Proposal},
  month =        nov,
  year =         1997
}

@Unpublished{MAGIC:deJager1998,
  author =       {O. C. de Jager and N. Magnussen and K. Mannheim},
  title =        {Virtual MAGIC Telescope Physics Programme},
  note =         {Result of the MAGIC Collaboration Meeting in G{\"o}ttingen},
  month =        nov,
  year =         1998
}

@Unpublished{MAGIC:Mirzoyan1998,
  author =       {R. Mirzoyan},
  title =        {Hardware Developments for MAGIC},
  note =         {Short summary of the MAGIC Collaboration Meeting 
                  in G{\"o}ttingen},
  month =        dec,
  year =         1998
}

@InProceedings{MAGIC:Petry_Turku,
  author =       {D. Petry},
  title =        {The MAGIC Telescope - bridging the gap at 10 - 200 GeV},
  year =         {1999},
  editor =       {L. Takalo and A. {Sillanp"a"a}},
  booktitle =    {Proc. 3rd BL Lac Symposium, Turku, 1998},
  pages =        noidea,
  series =       {ASP Conference Series}
}

@InProceedings{MAGIC:Petry_GRB,
  author =       {D. Petry},
  title =        {The MAGIC Telescope - Prospects for GRB research},
  booktitle =    noidea,
  pages =        noidea,
  year =         1998,
  editor =       noidea,
  month =        nov
}


%%EOF 
