%%%%%%%%%%%%%%%%%%%%%%%%%%%%%%%%%%%%%%%%%%%%%%%%%%%%%%%%%%%%%%%%%%%%%%
%
% BiBTeX data base
%
% bibtexfile{
%  author    = "J C Gonzalez",
%  version   = "1.00",
%  date      = "26 December 1997",
%  filename  = "tesis.bib",
%  address   = "Max-Planck-Institut fuer Physik
%               (Werner-Heisenberg-Institut),
%               Foehringer Ring 6, 80805 Muenchen,
%               Deutschland,
%
%               and
%
%               Facultad de Ciencias Fisicas,
%               Universidad Complutense de Madrid,
%               Avda. Complutense s/n,
%               28040 Madrid, Espanya",
%  email     = "<gonzalez  at  mppmu.mpg.de>" }
%
%%%%%%%%%%%%%%%%%%%%%%%%%%%%%%%%%%%%%%%%%%%%%%%%%%%%%%%%%%%%%%%%%%%%%%

@Preamble{
{\hyphenation{Post-Script}}
}

@String{ MPI = {{Max-Planck-Institut f{\"{u}}r Physik
(Werner-Heisenberg-Institut)}}}
@String{ MPI:adr = {{F{\"{o}}hringer Ring 6,
80805 M{\"{u}}nchen, Deutschland}}}

@String{ Fak = {{Fakult{\"{a}}t f{\"{u}}r Physik}}}
@String{ Fak:adr = {{Technischen Universit{\"{a}}t M{\"{u}}nchen}}}

@String{ Fac = {{Facultad de Ciencias F{\'{\i}}sicas,
Universidad Complutense de Madrid}}}
@String{ Fac:short = {{Fac. CC. F{\'{\i}}sicas, UCM}}}
@String{ Fac:adr = {{Avda. Complutense s/n,
28040 Madrid, Espa{\~{n}}a}}}

@String{ nose = {{XXXXXXXXXXXXXXXXX}}}

%%%%%%%%%%%%%%%%%%%%%%%%%%%%%%%%%%%%%%%%%%%%%%%%%%%%%%%%%%%%%%%%%%%%%%

%% Articles %%


@Article{Aharonian:flux,
author = 	 {{F. Aharonian} and others},
title = 	 {{On the accuracy of determination of fluxes and energy
spectra of primary gamma rays by a single imaging
atmospheric Cherenkov telescope}},
journal =	 {{J. Phys. G Nucl. Part. Phys.}},
year =	 1995,
volume =	 {},
number =	 21,
pages =	 {419--428}
}

@TechReport{Capdevielle:report,
author = 	 {{J. N. Capdeville} and others},
title = 	 {{The Karlsruhe Extensive Air Shower Simulation 
Code CORSIKA}},
institution =  {Forschungszentrum Karlsruhe GmbH"},
year = 	 1992,
key =		 {{KfK Report 4998}}
}

@Inproceedings{Chilingarian:dublin,
title =        {{New algorithms for $\gamma$-quanta energy estimation
by the VHE $\gamma$-ray telescopes with the Cherenkov
light imaging facilities}},
author =       {{A. A. Chilingarian} and {A. K. Konopelko} and
{A. V. Plyasheshnikov}},
pages =        {480--483},
booktitle =    {??? International Cosmic Rays Conference Proceedings},
editor =       nose,
organization = {},
year =         {19??},
address =      {Dublin, Ireland},
journal =      {},
volume =       {?}, month ={?}
}

@Manual{Corsika:man,
title = 	 {{Extensive Air Shower Simulation with CORSIKA: A 
User's Guide}},
author =	 {{J. Knapp} and {D. Heck}},
organization = {{Forschungszentrum Karlsruhe GmbH}},
year =	 1995,
month =	 nov
}

@Article{EckartPET:paper,
author = 	 {{C. Schmelz} and others},
title =	 {{Feasibility Study of an Avalanche Photodiode Readout
for a High Resolution PET with nsec Time Resolution}},
key =		 {},
journal =	 {{IEEE Trans. on Nucl. Sc.}},
year =	 1995,
month =        aug,
volume =	 42,
number =       4,
pages =	 {1080--1084}
}

@techreport{ElectronTubes:1996,
title =        {{Photomultipliers and Accesories}},
month =        {}, year =1996 ,
author =       {{Electron Tubes Ltd.}},
address =      {},
number =       {{Certificate No. FM26714 BS EN ISO-9001}},
institution =  nose,
booktitle =    nose
}

@Book{Gaisser:book,
author = 	 {T[homas] K. Gaisser},
title = 	 {{Cosmic Rays and Particle Physics}},
publisher = 	 {{Cambridge University Press}},
year = 	 1990
}

@InProceedings{Hillas:lajolla,
author = 	 {A. M. Hillas},
title = 	 nose,
booktitle = 	 {{Proceedings of the 
??? International Conference on Cosmic Ray Physics}},
editor =	 nose,
volume =	 {},
number =	 {},
year =	 nose,
organization = nose,
pages =	 nose
}

@Article{Hillas:longdev,
author = 	 {A. M. Hillas},
title = 	 {{The sensitivity of Cherenkov radiation pulses to the
longitudinal development of cosmic-ray showers}},
key =		 {},
journal =	 {{J. Phys. G: Nucl. Phys.}},
year =	 1982,
volume =	 8,
pages =	 {1475--1492}
}

@Article{James:1980,
author =       {F. James},
title =        {{Monte Carlo theory and practice}},
journal =      {Rep. Prog. Phys.},
volume =       43, number ={},
pages =        {1145--1189},
year =         1980
}

@Book{Jelley:book,
author = 	 {J. V. Jelley},
title = 	 {{Cerenkov Radiation and its Applications}},
publisher = 	 {Pergamon Press},
year = 	 1959,
address =	 {London}
}

@PhdThesis{Juanfer:tesina,
author = 	 {Fern{\'{a}}ndez Macarr{\'{o}}n, Juan},
title = 	 {{Detecci{\'{o}}n de Radiaci{\'{o}}n Gamma de
Alta Energ{\'{\i}}ia mediante el an'alisis de la
luz Cherenkov producida en Cascadas
Atmosf{\'{e}}ricas}},
school = 	 Fac, 
address =      Fac:adr,
year = 	 1994
}

@Article{Karlsruhe:paper,
author = 	 {{P. Doll} and others},
title = 	 {{The Karlsruhe Cosmic Ray Project KASCADE}},
key =		 {{KfK Report 4686}},
journal =	 {{Nucl.Phys.B (Proc.Suppl.)}},
year =	 1990,
volume =       {A},
number =	 14,
pages =	 336
}

@techreport{Kranich:diplom,
title =        {{Verbesserung der Gamma/Hadron-Trennung in der
Hochenergie Gamma-Astronomie mir Cherenkov-Teleskopen}},
month =        apr, year =1997 ,
author =       {Daniel Kranich},
address =      MPI:adr,
number =       {{MPI-PhE/97-11}},
institution =  MPI
}

@PhdThesis{Krennrich:tesis,
author = 	 {Frank Krennrich},
title = 	 {{Beobachtung von TeV-Photonen aus der Richtung des
Krebsnebels mit dem 5 m$^2$-Tscherenkovteleskop des
HEGRA-Detektors}},
school = 	 MPI,
year = 	 1995,
key =		 {{MPI-PhE/96-03}},
address = 	 MPI:adr,
month = 	 oct
}

@Inproceedings{Lewis:dublin,
title =        {{Energy spectrum determination with the atmospheric
Cherenkov imaging technique}},
author =       {{D. A. Lewis} and
{R. C. Lamb} and
{M. J. Lang} and
{D. Macomb} and
{G. Mohanty} and
{T. C. Weekes} and
{T. Whitaker}},
pages =        {508--511},
booktitle =    {??? International Cosmic Rays Conference Proceedings},
editor =       nose,
organization = {},
year =         {19??},
address =      {Dublin, Ireland},
journal =      {},
volume =       {?}, month ={?}
}

@PhdThesis{Loli:tesis,
author = 	 {{Rodr{\'{\i}}guez Fr{\'{\i}}as, M. Dolores}},
title = 	 {{Estudio de cascadas en la atm{\'{o}}sfera 
iniciadas por rayos c{\'{o}}smicos de muy alta y 
ultra-alta energ{\'{\i}}a}},
school =       Fac,
address =      Fac:adr,
year =         1993
}

@InProceedings{MAGIC:padova,
author =       {{S. M. Bradbury} and others},
title =        {{The MAGIC Telescope Project based on a 17 m
diameter parabolic solar concentraror}},
year = 	 1995,
note =	 {{Contributions to The Padova Workshop on TeV
Gamma-Ray Astrophysics}},
booktitle =    nose
}

@PhdThesis{Petry:tesis,
author =       {Dirk Petry},
title =        {{Beobachtung hochenergetischer $\gamma$-Strahlung
(E $>$ 1 TeV) aus Richtung der aktiven Galaxien
Mkn 421 und Mkn 501}},
school =       Fak,
year =         1997,
month =        sep, 
address =      Fak:adr,
note =         {{Also available as Max-Planck-Institut f{\"{u}}r Physik,
M{\"{u}}nchen, Technical Report No. MPI-PhE/97-27}}
}

@PhdThesis{Prosch:tesis,
author =       {Christian Prosch},
title =        {{Suche nach Supernova{\"{u}}berresten als Quellen
der Kosmischen Strahlung im Energiebereich oberhalb
von 14 TeV mit dem AIROBICC-Detektor des
HEGRA-Experiments}},
school =       Fak,
year =         1997,
month =        oct, 
address =      Fak:adr,
note =         {{Also available as Max-Planck-Institut f{\"{u}}r Physik,
M{\"{u}}nchen, Technical Report No. MPI-PhE/97-30}}
}

@TechReport{Razmick:17mmagic,
author = 	 {R. Mirzoyan},
title = 	 {{17m Diameter MAGIC Telescope Project for
Sub-100 GeV Gamma Ray Astronomy}},
year = 	 1996,
institution =  MPI,
key =		 {},
address =	 MPI:adr
}

@TechReport{Razmick:nsb,
author = 	 {R. Mirzoyan and E. Lorenz},
title = 	 {{Measurement of the Night Sky Light Background
at La Palma}},
institution =  MPI,
year = 	 1994,
key =		 {{MPI-PhE/94-35}},
address =	 MPI:adr
}

@InProceedings{Razmick:optdesign,
author =	 {{R. Mirzoyan} and others},
title = 	 {{On the Optical Design of VHE Gamma Ray
Imaging Cherenkov Telescopes}},
year = 	 1995,
note =	 {{Contributions to The Padova Workshop on TeV
Gamma-Ray Astrophysics}},
booktitle =    nose
}

@techreport{Seibt:techprak,
title =        {{Analoge Daten{\"{u}}bertragung per Lichtwellenleiter
f{\"{u}}r die Datenauslese am MAGIC-Teleskop zum
Nachweis von Cherenkov-Strahlung im Energiebereich
von 15 bis 300 GeV}},
month =        oct, 
year =         1997,
author =       {{Christian Seibt}},
address =      Fak:adr,
number =       {},
institution =  Fak
}

@PhdThesis{Sergio:tesis,
author = 	 {Mart{\'{\i}}nez Guerrero, Sergio},
title = 	 {{Caracterizaci{\'{o}}n de Rayos C{\'{o}}smicos de Muy
Alta Energ{\'{\i}}a con 
el Detector HEGRA mediante Simulaci{\'{o}}n}},  
school = 	 Fac,
address =      Fac:adr,
year = 	 "1996"
}

@Book{Sokolsky:book,
author = 	 {P. Sokolsky},
title = 	 {{Introduction to Ultra High Energy
Cosmic Ray Physics}},
publisher = 	 {Addison-Wesley},
year = 	 1989
}

@InProceedings{WeekesTurver:calgary,
author = 	 {{T. C. Weekes} and {??? Turver}},
title = 	 nose,
booktitle = 	 {{Proceedings of the 
??? International Conference on Cosmic Ray Physics}},
editor =	 nose,
volume =	 {},
number =	 {},
year =	 nose,
organization = nose,
pages =	 nose

}


